@article{Coo98,
title = {Subgrid-scale modeling for turbulent reacting flows},
journal = {Combustion and Flame},
volume = {112},
number = {4},
pages = {593-606},
year = {1998},
issn = {0010-2180},
doi = {https://doi.org/10.1016/S0010-2180(97)00173-9},
url = {https://www.sciencedirect.com/science/article/pii/S0010218097001739},
author = {Andrew W. Cook and James J. Riley} 
}


@article{Hei06,
   author = "Pitsch, Heinz",
   title = "LARGE-EDDY SIMULATION OF TURBULENT COMBUSTION",
   journal= "Annual Review of Fluid Mechanics",
   year = "2006",
   volume = "38",
   number = "Volume 38, 2006",
   pages = "453-482",
   doi = "https://doi.org/10.1146/annurev.fluid.38.050304.092133",
   url = "https://www.annualreviews.org/content/journals/10.1146/annurev.fluid.38.050304.092133",
   publisher = "Annual Reviews",
   issn = "1545-4479",
   type = "Journal Article"
  }

@misc{Gou11,
  author       = {X. Gou and J. A. Miller and W. Sun and Y. Ju},
  title        = {Implementation of PLOG Function in Chemkin II and III},
  howpublished = {\url{https://engine.princeton.edu/model-reduction/}},
  year         = {2011},
  note         = {Accessed: 2022-04-25}
}

