@String{JFM   = {Journal of Fluid Mechanics}}
@String{JCP   = {Journal of Computational Physics}}
@String{JSV   = {Journal of Sound and Vibrations}}
@String{ARFM  = {Annual Review of Fluid Mechanics}}
@String{ARPC  = {Ann. Rev. Phys. Chem.}}
@String{PRSL  = {Proceedings of the Royal Society of London A}}
@String{PoF   = {Physics of Fluids}}
@String{PCI   = {Proceedings of the Combustion Institute}}
@String{PSTS   = {Proceedings of the Shock Tube Symposium}}
@String{PoFA  = {Physics of Fluids A}}
@String{AIAAJ = {AIAA Journal}}
@String{FTC   = {Flow, Turbulence, and Combustion}}
@String{IJA   = {International Journal of Aeroacoustics}}
@String{PAS   = {Progress in Aerospace Sciences}}
@String{JASA  = {J. Acoust. Soc. Amer.}}
@String{TCFM = {Theoretical and Computational Fluid Mechanics}}
@String{TAMS  = {Trans. Amer. Math. Soc.}}
@String{CST   = {Combustion Science and Technology}}
@String{PECS  = {Prog. Energy Combust. Sci.}}
@String{IJCFD = {International Journal of Computational Fluid Dynamics}}
@String{CF    = {Combustion and Flame}}
@String{CTM   = {Comb. Theory Modelling}}
@String{APB   = {Appl. Phys. B}}
@String{JPP   = {Journal of Propulsion and Power}}
@String{JCA   = {Journal of Computational Acoustics}}
@String{COF = {Computers \& Fluids}}
@String{ARB   = {Annual Research Briefs}}
@String{CTR   = {Center for Turbulence Research}}
@String{JHT   = {Journal Heat Transfer}}
@String{SW    = {Shock Waves}}
@String{ANM   = {Appl. Numer. Math.}}
@String{NM    = {Numer. Math.}}
@String{JSC    = {Journal of Scientific Computing}}
@String{IJNME    = {International Journal of Numerical Methods in Engineering}}
@String{JCM    = {J. Comput. Math.}}
@String{IJNMF = {International Journal of Numerical Methods in Fluids}}
@String{SJSC = {SIAM Journal of Scientific Computing}}
@String{CMAME = {Computational Methods in Applied Mechanics and Engineering}}
@String{IJMF = {International Journal of Multiphase Flow}}

@article{Cof81,
    title = "Transport algorithms for premixed, laminar steady-state flames",
    journal = "Combustion and Flame",
    volume = "43",
    pages = "273 - 289",
    year = "1981",
    issn = "0010-2180",
    doi = "https://doi.org/10.1016/0010-2180(81)90027-4",
    author = "T.P. Coffee and J.M. Heimerl",
}
@article{Mont98,
    author = "Montgomery, C. J. and Kaplan, C. R. and ORAN, E. S. ",
    title = "The effect of coflow velocity on a lifted methane-air jet diffusion flame",
    journal = "Symposium (International) on Combustion",
    volume = "27",
    number = "1",
    pages = "1175 - 1182",
    year = "1998",
    note = "Twenty-Seventh Sysposium (International) on Combustion Volume One",
    doi = "https://doi.org/10.1016/S0082-0784(98)80520-1",
}
@article{Bar98,
    title = "Effects of turbulence on species mass fractions in methane/air jet flames",
    journal = "Symposium (International) on Combustion",
    volume = "27",
    number = "1",
    pages = "1087 - 1095",
    year = "1998",
    note = "Twenty-Seventh Sysposium (International) on Combustion Volume One",
    issn = "0082-0784",
    doi = "https://doi.org/10.1016/S0082-0784(98)80510-9",
    author = "Barlow, R. S. and Frank, J. H.",
}
@article{Bar05,
    title = "Piloted methane/air jet flames: Transport effects and aspects of scalar structure",
    author= "Barlowa R.S. and Franka, J.H. and Karpetisb, A.N. and Chenc,  J.-Y.",
    journal = "Combustion and Flame",
    volume = "143",
    number = "4",
    pages = "433 - 449",
    year = "2005",
    note = "Special Issue to Honor Professor Robert W. Bilger on the Occasion of His Seventieth Birthday",
    issn = "0010-2180",
    doi = "https://doi.org/10.1016/j.combustflame.2005.08.017",
}
@book{And20,
  title={Hypersonic and High Temperature Gas Dynamics},
  author={Anderson, J. D.},
  isbn={9781563474590},
  series={McGraw-Hill series in aeronautical and aerospace engineering},
  year={2000},
  publisher={American Institute of Aeronautics and Astronautics}
}
@article{Sun20,
author = {Sun, Zhen and Braack, Malte and Lang, Jens},
title = {An adaptive moving finite element method for steady low Mach number compressible combustion problems},
journal = {International Journal for Numerical Methods in Fluids},
year = {2020},
volume = {n/a},
number = {n/a},
pages = {},
doi = {10.1002/fld.4818},
}
@article{Tho18,
title = "A five-equation model for the simulation of miscible and viscous compressible fluids",
journal = "Journal of Computational Physics",
volume = "372",
pages = "256 - 280",
year = "2018",
issn = "0021-9991",
doi = "https://doi.org/10.1016/j.jcp.2018.06.028",
author = "Thornber, B. and Groom, M. and Youngs, D.",
}
@article{Gen10,
  title = "Studies of shock/turbulent shear layer interaction using Large-Eddy Simulation",
  journal = "Computers \& Fluids",
  volume = "39",
  number = "5",
  pages = "800 - 819",
  year = "2010",
  issn = "0045-7930",
  doi = "https://doi.org/10.1016/j.compfluid.2009.12.008",
  author = "GÃ©nin, F. and Menon, S.",
  keywords = "LES, Compressible flows, Shock/isotropic turbulence interaction, Shock/shear interaction, Subgrid models, Compressible mixing",
}
@inproceedings{Pol15,
  title={TURBULENT CHEMICAL AND THERMONUCLEAR FLAMES: INTRINSIC INSTABILITY AND ANISOTROPIC TURBULENCE AMPLIFICATION},
  author={Poludnenko, A. Y. and Taylor, B. D},
  booktitle={TSFP DIGITAL LIBRARY ONLINE},
  year={2015},
  organization={Begel House Inc.}
}
@article{Tay09,
  title = "Numerical simulations of hydrogen detonations with detailed chemical kinetics",
  journal = "Proceedings of the Combustion Institute",
  volume = "34",
  number = "2",
  pages = "2009 - 2016",
  year = "2013",
  issn = "1540-7489",
  doi = "https://doi.org/10.1016/j.proci.2012.05.045",
  author = "Taylor, B. D. and Kessler, D. A. and Gamezo, V. N. and Oran, E. S. "
}
@article{Che00,
  title = "Stretch effects on the burning velocity of turbulent premixed hydrogen/air flames",
  journal = "Proceedings of the Combustion Institute",
  volume = "28",
  number = "1",
  pages = "211 - 218",
  year = "2000",
  issn = "1540-7489",
  doi = "https://doi.org/10.1016/S0082-0784(00)80213-1",
  author = "Chen, J. B. and Im, H. G."
}
@article{Haw05,
  year = 2005,
  month = {jan},
  publisher = {{IOP} Publishing},
  volume = {16},
  pages = {65--79},
  author = {Hawkes, E. R. and Sankaran, R. and  Sutherland. J. C. and Chen, J. H.},
  title = {Direct numerical simulation of turbulent combustion: fundamental insights towards predictive models},
  doi = {10.1088/1742-6596/16/1/009},
  journal = {Journal of Physics: Conference Series}
}
@article{Ken94,
  author = "Kennedy, C. A. and Carpenter, M. H.",
  title = "Several new numerical methods for compressible shear-layer simulations",
  journal = "Applied Numerical Mathematics",
  volume = "14",
  number = "4",
  pages = "397 - 433",
  year = "1994",
  issn = "0168-9274",
  doi = "https://doi.org/10.1016/0168-9274(94)00004-2"
}

@article{Kir03,
  title={De-aliasing on non-uniform grids: algorithms and applications},
  author={Kirby, R.M. and Karniadakis, G.E.},
  journal={Journal of Computational Physics},
  volume={191},
  number={1},
  pages={249--264},
  year={2003},
  publisher={Elsevier}
}

@article{Kop06,
  title={Metric identities and the discontinuous spectral element method on curvilinear meshes},
  author={Kopriva, D.A.},
  journal={Journal of Scientific Computing},
  volume={26},
  number={3},
  pages={301},
  year={2006},
  publisher={Springer}
}

@book{Kuz12,
  author  = {Kuzmin, D. and L{\"o}hner, R.},
  title   = {Flux-Corrected Transport: Principles, Algorithms, and Applications},
  publisher = {Springer-Netherlands},
  year    = {2012},
  doi = "https://doi.org/10.1007/978-94-007-4038-9",
  series  = {Applied mathematical sciences},
  address   = {Springer-Verlag New York Inc},
  edition = {2},
  isbn    = {9789400740389}
}
@article{Geu09,
  title = "Gmsh: a three-dimensional finite element mesh generator with built-in pre- and post-processing facilities",
  author = "Geuzaine, C. and Remacle, J.-F.",
  journal = "International Journal for Numerical Methods in Engineering",
  number = "79(11)",
  publisher = "Kluwer Academic Publishers",
  pages = "1310-1331",
  year  = "2009",
}
@article{Lef98,
  title = "",
  author = "Lefebvre, M. H. and Weber, J. W., Jr. and Oran, E. S.",
  journal = "Proceedings of the IUTAM Symposium (B. Deshaies and L. F. da Silva, eds.)",
  number = "30",
  publisher = "Kluwer Academic Publishers",
  pages = "347 - 358",
  year  = "1998",
}
@article{Ora98,
  title = "A Numerical Study of a Two-Dimensional H2-O2-Ar Detonation Using a Detailed Chemical Reaction Model",
  journal = "Combustion and Flame",
  volume = "113",
  number = "1",
  pages = "147 - 163",
  year = "1998",
  issn = "0010-2180",
  doi = "https://doi.org/10.1016/S0010-2180(97)00218-6",
  author = "Oran, E. S. and Weber J. W.and Stefaniw, E. I.  and Lefebvre, M. H. and Anderson, J. D.",
}
@article{Wes82,
  title = "Chemical kinetics of hydrocarbon oxidation in gaseous detonations",
  journal = "Combustion and Flame",
  volume = "46",
  pages = "191 - 210",
  year = "1982",
  issn = "0010-2180",
  doi = "https://doi.org/10.1016/0010-2180(82)90015-3",
  author = "Westbrook, C. K.",
}
@article{Mar03,
  title = "A flux-split algorithm applied to conservative models for multicomponent compressible flows",
  journal = "Journal of Computational Physics",
  volume = "185",
  number = "1",
  pages = "120 - 138",
  year = "2003",
  issn = "0021-9991",
  doi = "https://doi.org/10.1016/S0021-9991(02)00050-5",
  author = "Marquina, A. and Mulet, P.",
}
@article{Qui96,
  author={Quirk, J.J. and Karni, S.},
  title={On the dynamics of a shock-bubble interaction},
  journal={Journal of Fluid Mechanics},
  year={1996},
  volume={318},
  pages={129-163},
  doi={10.1017/S0022112096007069},
}
@article{Joh06,
  title = "Implementation of {WENO} schemes in compressible multicomponent flow problems",
  journal = "Journal of Computational Physics",
  volume = "219",
  number = "2",
  pages = "715 - 732",
  year = "2006",
  issn = "0021-9991",
  doi = "https://doi.org/10.1016/j.jcp.2006.04.018",
  author = "Johnsen, T. and Colonius, T.",
}

@article{Joh11,
  title = "On the treatment of contact discontinuities using {WENO} schemes",
  journal = "Journal of Computational Physics",
  volume = "230",
  number = "24",
  pages = "8665 - 8668",
  year = "2011",
  issn = "0021-9991",
  doi = "https://doi.org/10.1016/j.jcp.2011.08.017",
  author = "Eric Johnsen",
}

@article{Ter09,
  title = "A front-tracking/ghost-fluid method for fluid interfaces in compressible flows",
  journal = "Journal of Computational Physics",
  volume = "228",
  number = "11",
  pages = "4012 - 4037",
  year = "2009",
  issn = "0021-9991",
  doi = "https://doi.org/10.1016/j.jcp.2009.02.023",
  author = "Terashima, H. and Tryggvason, G.",
}
@article{Haa87,
  title = "Interaction of weak-shock waves",
  journal = "Journal of Fluid Mechanics",
  volume = "181",
  number = "1",
  pages = "41 - 76",
  year = "1987",
  author = "Haas, J. F. and Sturtevant, B.",
}
@misc{uscmech,
  author = "Wang, H. and You, X. and Joshi, A. V. and  Davis, S. G. and Laskin, A. and  Egolfopoulos, F. Law and C. K.",
  title = "USC Mech Version II. High-Temperature Combustion Reaction Model of H2/CO/C1-C4 Compounds",
  year = 2007,
  url="http://ignis.usc.edu/USC\_mech\_II.htm"
}
@article{Ban20,
  title = "Comparison of algorithms for simulating multi-component reacting flows using high-order discontinuous {G}alerkin methods",
  author = "Bando, K. and Sekachev, M. and Ihme, M.",
  year = "2020",
  booktitle = "AIAA Scitech 2020 Forum",
  chapter = {},
  pages = {},
  doi = {10.2514/6.2020-1751},
}
@article{Poi92,
  title = "Boundary conditions for direct simulations of compressible viscous flows",
  journal = "Journal of Computational Physics",
  volume = "101",
  number = "1",
  pages = "104 - 129",
  year = "1992",
  issn = "0021-9991",
  doi = "https://doi.org/10.1016/0021-9991(92)90046-2",
  author = "Poinsot, T. J. and Lele, S. K.",
  abstract = "Procedures to define boundary conditions for Navier-Stokes equations are discussed. A new formulation using characteristic wave relations through boundaries is derived for the Euler equations and generalized to the Navier-Stokes equations. The emphasis is on deriving boundary conditions compatible with modern non-dissipative algorithms used for direct simulations of turbulent flows. These methods have very low dispersion errors and require precise boundary conditions to avoid numerical instabilities and to control spurious wave reflections at the computational boundaries. The present formulation is an attempt to provide such conditions. Reflecting and non-reflecting boundary condition treatments are presented. Examples of practical implementations for inlet and outlet boundaries as well as slip and no-slip walls are presented. The method applies to subsonic and supersonic flows. It is compared with a reference method based on extrapolation and partial use of Riemann invariants. Test cases described include a ducted shear layer, vortices propagating through boundaries, and Poiseuille flow. Although no mathematical proof of well-posedness is given, the method uses the correct number of boundary conditions required for well-posedness of the Navier-Stokes equations and the examples reveal that it provides a significant improvement over the reference method."
}
@article{Yoo05,
  author = {Yoo, C. S. and Wang, Y. and Trouve, A. and Im, H.},
  year = {2005},
  month = {11},
  pages = {617-646},
  title = {Characteristic boundary conditions for direct simulations of turbulent counterflow flames},
  volume = {9},
  journal = {Combustion Theory and Modelling},
  doi = {10.1080/13647830500307378}
}
@article{Ara19,
  author = { Arabi, S. and TrÃ©panier, J. and Camarero, R.},
  title = {A simple extension of {R}oe's scheme for multi-component real gas flows},
  journal = {Journal of Computational Physics},
  volume = "388",
  pages = "178 - 194",
  year = "2019",
  issn = "0021-9991",
  doi = "https://doi.org/10.1016/j.jcp.2019.03.007",
}

@book{Maj12,
  title={Compressible fluid flow and systems of conservation laws in several space variables},
  author={Majda, A.},
  year={2012},
  publisher={Springer Science \& Business Media},
  doi={10.1007/978-1-4612-1116-7}
}

@article{Fed97,
  title = "High Accuracy Numerical Methods for Thermally Perfect Gas Flows with Chemistry",
  journal = "Journal of Computational Physics",
  volume = "132",
  number = "2",
  pages = "175 - 190",
  year = "1997",
  issn = "0021-9991",
  doi = "https://doi.org/10.1006/jcph.1996.5622",
  author = "Fedkiw, R P. and Merriman, B. and Osher, S.",
}
@article{Mcb02,
  title={{N}{A}{S}{A} {G}lenn coefficients for calculating thermodynamic properties of individual species},
  author={McBride, Bonnie J and Zehe, Michael J and Gordon, Sanford},
  year={2002}
}
@article{Hou11,
  title = "A low-dissipation and time-accurate method for compressible multi-component flow with variable specific heat ratios",
  journal = "Journal of Computational Physics",
  volume = "230",
  number = "23",
  pages = "8527 - 8553",
  year = "2011",
  issn = "0021-9991",
  doi = "https://doi.org/10.1016/j.jcp.2011.07.031",
  author = "Houim, R. and Kuo, K.",
}
@article{Jen97,
  title = "Correction of Conservative Euler Solvers for Gas Mixtures",
  journal = "Journal of Computational Physics",
  volume = "132",
  number = "1",
  pages = "91 - 107",
  year = "1997",
  issn = "0021-9991",
  doi = "https://doi.org/10.1006/jcph.1996.5625",
  author = "Jenny, P. and Mueller, B. and Thomann, H."
}
@article{Ter12,
  title = "Approach for simulating gas liquid-like flows under supercritical pressures using a high-order central differencing scheme",
  journal = "Journal of Computational Physics",
  volume = "231",
  number = "20",
  pages = "6907 - 6923",
  year = "2012",
  issn = "0021-9991",
  doi = "https://doi.org/10.1016/j.jcp.2012.06.021",
  author = "Terashima, H. and Koshi, M.",
}
@article{Ma19,
  title = "Large-eddy simulations of transcritical injection and auto-ignition using diffuse-interface method and finite-rate chemistry",
  journal = "Proceedings of the Combustion Institute",
  volume = "37",
  number = "3",
  pages = "3303 - 3310",
  year = "2019",
  issn = "1540-7489",
  doi = "https://doi.org/10.1016/j.proci.2018.05.063",
  author = "Ma, P. and Wu, H. and Jaravel, T. and Bravo, L. and Ihme, M.",
}
@article{He17,
  title = "Characteristic-based and interface-sharpening algorithm for high-order simulations of immiscible compressible multi-material flows",
  journal = "Journal of Computational Physics",
  volume = "333",
  pages = "247 - 268",
  year = "2017",
  issn = "0021-9991",
  doi = "https://doi.org/10.1016/j.jcp.2016.12.035",
  author = "He, Z. and Tian, B. and Zhang, Y. and Gao, F.",
}
@article{Joh12,
  title = "Preventing numerical errors generated by interface-capturing schemes in compressible multi-material flows",
  journal = "Journal of Computational Physics",
  volume = "231",
  number = "17",
  pages = "5705 - 5717",
  year = "2012",
  issn = "0021-9991",
  doi = "https://doi.org/10.1016/j.jcp.2012.04.048",
  author = "Johnsen, E. and Ham, F.",
}
@article{Str68,
  title={On the construction and comparison of difference schemes},
  author={Strang, G.},
  journal={SIAM Journal on Numerical Analysis},
  volume={5},
  number={3},
  pages={506--517},
  year={1968},
  publisher={SIAM}
}
@article{Oco04,
  author = {Ã Conaire, M. and Curran, H. J. and Simmie, J. M. and Pitz, W. J. and Westbrook, C. K.},
  title = {A comprehensive modeling study of hydrogen oxidation},
  journal = {International Journal of Chemical Kinetics},
  volume = {36},
  number = {11},
  pages = {603-622},
  doi = {10.1002/kin.20036},
  eprint = {https://onlinelibrary.wiley.com/doi/pdf/10.1002/kin.20036},
  year = {2004}
}

@book{Dei03,
  title={Parallel adaptive simulation of multi-dimensional detonation structures},
  author={Deiterding, R.},
  year={2003},
  publisher={Dissertation. de}
}

@article{Ban93,
  title={Analysis of some moving space-time finite element methods},
  author={Bank, R.E. and Santos, R.F.},
  journal={SIAM journal on numerical analysis},
  volume={30},
  number={1},
  pages={1--18},
  year={1993},
  publisher={SIAM}
}

@phdthesis{Bau95,
  Author = {Bauer, R.E.},
  Month = {June},
  School = {University of Colorado at Denver},
  Title = {Discontinuous Galerkin methods for ordinary differential equations},
  Year = {1995}
}

@article{Del81,
  title={Discontinuous Galerkin methods for ordinary differential equations},
  author={Delfour, M. and Hager, W. and Trochu, F.},
  journal={Math. Comp.},
  volume={36},
  number={1},
  pages={455--473},
  year={1981},
  publisher={AMS}
}

@article{Her10,
  title={Algorithms for {PDE}-constrained optimization},
  author={Herzog, R. and Kunisch, K.},
  journal={GAMM-Mitteilungen},
  volume={33},
  number={2},
  pages={163--176},
  year={2010},
  publisher={Wiley Online Library}
}

@inproceedings{Per06,
  title={Sub-cell shock capturing for discontinuous {G}alerkin methods},
  author={Persson, P-O. and Peraire, J.},
  editor={AIAA},
  note={{AIAA}-2006-112},
  booktitle={44th AIAA Aerospace Sciences Meeting and Exhibit},
  year={2006},
  doi={10.2514/6.2006-112}
}

@article{Paz18,
  title={Approximate tensor-product preconditioners for very high order discontinuous {G}alerkin methods},
  author={Pazner, W. and Persson, P-O.},
  journal={Journal of Computational Physics},
  volume={354},
  pages={344--369},
  year={2018},
  publisher={Elsevier}
}

@article{Paz20,
  author = {Pazner, W.},
  title = {Sparse invariant domain preserving discontinuous {G}alerkin methods with subcell convex limiting},
  journal={arXiv preprint arXiv:2004.08503},
  primaryClass = "math.NA",
  keywords = {Mathematics - Numerical Analysis},
  year = 2020,
  month = apr,
  note = {~\url{https://arxiv.org/pdf/2004.08503.pdf}}
}

@book{Lev02,
  title={Finite volume methods for hyperbolic problems},
  author={LeVeque, R.J.},
  year={2002},
  publisher={Cambridge university press}
}

@article{She04,
  title={Interpolating and approximating implicit surfaces from polygon soup},
  author={Shen, C. and O'Brien, J.F. and Shewchuk, J.R.},
  journal={ACM Transactions on Graphics (TOG)},
  volume={23},
  number={3},
  pages={896--904},
  year={2004},
  publisher={ACM}
}

@article{Tur02,
  title={Modelling with implicit surfaces that interpolate},
  author={Turk, G. and O'Brien, J.F.},
  journal={ACM Transactions on Graphics (TOG)},
  volume={21},
  number={4},
  pages={855--873},
  year={2002},
  publisher={ACM}
}

@inproceedings{Tur01,
  title={Implicit surfaces that interpolate},
  author={Turk, G. and Dinh, H.-Q. and O'Brien, J.F. and Yngve, G.},
  booktitle={{SMI} 2001 International Conference on Shape Modeling and Applications},
  pages={62--71},
  year={2001},
  organization={IEEE}
}

@article{Hug05,
  title={Isogeometric analysis: {CAD}, finite elements, {NURBS}, exact geometry and mesh refinement},
  author={Hughes, T.J.R. and Cottrell, J.A. and Bazilevs, Y.},
  journal={Computer methods in applied mechanics and engineering},
  volume={194},
  number={39-41},
  pages={4135--4195},
  year={2005},
  publisher={Elsevier}
}

@article{Ric88,
  title={An optimal-order error estimate for the discontinuous {G}alerkin method},
  author={Richter, G.R.},
  journal={Mathematics of Computation},
  volume={50},
  number={181},
  pages={75--88},
  year={1988}
}

@inproceedings{Nis17,
  title={Uses of Zero and Negative Volume Elements for Node-Centered Edge-Based Discretization},
  author={Nishikawa, H.},
  booktitle={23rd AIAA Computational Fluid Dynamics Conference},
  note={{AIAA}-2017-4295},
  year={2017}
}

@techreport{Bal17,
  title={PETSc Users Manual Revision 3.8},
  author={Balay, S. and Abhyankar, S. and Adams, M. and Brown, J. and Brune, P. and Buschelman, K. and Dalcin, L.D. and Eijkhout, V. and Gropp, W. and Kaushik, D and others},
  year={2017},
  institution={Argonne National Lab.(ANL), Argonne, IL (United States)}
}

@techreport{Liu17,
  title={Equilibrium Wall Model Implementation in a Nodal Finite Element Flow Solver {JENRE} for Large Eddy Simulations},
  author={Liu, J. and Corrigan, A. and Kailasanath, K.},
  month={November},
  year={2017},
  institution={U.S. Naval Research Laboratory},
  number={NRL/MR/6040--17-9760},
}

@inproceedings{Abr15,
  title={Comparison of {CFD} hover predictions on the {S}-76 rotor},
  author={Abras, J. and Hariharan, N.S.},
  booktitle={53rd AIAA Aerospace Sciences Meeting},
  note={{AIAA}-2015-1711},
  year={2015}
}
@techreport{Bal85,
  title={Experimental study of main rotor tip geometry and tail rotor interactions in hover},
  author={Balch, D.T. and Lombardi, J.},
  institution={NASA Ames Research Center},
  month={February},
  year={1985},
  note={NASA-CR-177336}
}
@inproceedings{Won18,
  title={Hover Prediction Assessment of {CREATE}-{AV} Helios for Engineering Applications},
  author={Wong, T.-C. and O'Brien, D.M.},
  booktitle={2018 AIAA Aerospace Sciences Meeting},
  pages={1781},
  year={2018}
}

@article{Fri69,
  title={Finite-element analysis of time-dependent phenomena.},
  author={Fried, I},
  journal={AIAA Journal},
  volume={7},
  number={6},
  pages={1170--1173},
  year={1969}
}

@article{Jam78,
  title={{G}alerkin-type approximations which are discontinuous in time for parabolic equations in a variable domain},
  author={Jamet, P.},
  journal={SIAM Journal on Numerical Analysis},
  volume={15},
  number={5},
  pages={912--928},
  year={1978},
  publisher={SIAM}
}

@article{Hug88,
  title={Space-time finite element methods for elastodynamics: formulations and error estimates},
  author={Hughes, T.J.R. and Hulbert, G.M.},
  journal={Computer methods in applied mechanics and engineering},
  volume={66},
  number={3},
  pages={339--363},
  year={1988},
  publisher={Elsevier}
}

@article{Arg69,
  title={Finite elements in time and space},
  author={Argyris, J.H. and Scharpf, D.W.},
  journal={The Aeronautical Journal},
  volume={73},
  number={708},
  pages={1041--1044},
  year={1969},
  publisher={Cambridge University Press}
}

@article{Joh84,
  title={Finite element methods for linear hyperbolic problems},
  author={Johnson, C. and N{\"a}vert, U. and Pitk{\"a}ranta, H.},
  journal={Computer methods in applied mechanics and engineering},
  volume={45},
  number={1-3},
  pages={285--312},
  year={1984},
  publisher={North-Holland}
}

@incollection{Low98,
  title={Space-time methods for hyperbolic conservation laws},
  author={Lowrie, R.B. and Roe, P.L. and Van Leer, B.},
  booktitle={Barriers and Challenges in Computational Fluid Dynamics},
  pages={79--98},
  year={1998},
  publisher={Springer}
}

@article{Kai85,
  title={Determination of detonation cell size and the role of transverse waves in two-dimensional detonations},
  author={Kailasanath, K. and Oran, E.S. and Boris, J.P. and Young, T.R.},
  journal={Combustion and Flame},
  volume={61},
  number={3},
  pages={199--209},
  year={1985},
  publisher={Elsevier}
}

@article{Gam99,
  title={Formation and evolution of two-dimensional cellular detonations},
  author={Gamezo, V.N. and Desbordes, D. and Oran, E.S.},
  journal={Combustion and Flame},
  volume={116},
  number={1-2},
  pages={154--165},
  year={1999},
  publisher={Elsevier}
}

@article{Bou92,
  title={Theoretical and numerical structure for unstable two-dimensional detonations},
  author={Bourlioux, A. and Majda, A.J.},
  journal={Combustion and Flame},
  volume={90},
  number={3-4},
  pages={211--229},
  year={1992},
  publisher={Elsevier}
}

@article{Pet91,
  title={A note on the convergence of the discontinuous {G}alerkin method for a scalar hyperbolic equation},
  author={Peterson, T.E.},
  journal={SIAM Journal on Numerical Analysis},
  volume={28},
  number={1},
  pages={133--140},
  year={1991},
  publisher={SIAM}
}

@article{Hen06,
  title={Simulations of pulsating one-dimensional detonations with true fifth order accuracy},
  author={Henrick, A.K. and Aslam, T.D. and Powers, J.M.},
  journal={Journal of Computational Physics},
  volume={213},
  number={1},
  pages={311--329},
  year={2006},
  publisher={Elsevier}
}

@article{Pap97,
  title={Unsplit schemes for hyperbolic conservation laws with source terms in one space dimension},
  author={Papalexandris, M.V. and Leonard, A. and Dimotakis, P.E.},
  journal={Journal of Computational Physics},
  volume={134},
  number={1},
  pages={31--61},
  year={1997},
  publisher={Elsevier}
}

@article{Ein91,
  title={On Godunov-type methods near low densities},
  author={Einfeldt, B. and Munz, C.-D. and Roe, P.L. and Sj{\"o}green, B.},
  journal={Journal of computational physics},
  volume={92},
  number={2},
  pages={273--295},
  year={1991},
  publisher={Elsevier}
}

@book{Fic12,
  title={Detonation: theory and experiment},
  author={Fickett, W. and Davis, W.C.},
  year={2012},
  publisher={Courier Corporation}
}

@incollection{Qui94_2,
  title={Godunov-type schemes applied to detonation flows},
  author={Quirk, J.J.},
  booktitle={Combustion in High-Speed Flows},
  pages={575--596},
  year={1994},
  publisher={Springer}
}

@inproceedings{Par98,
  title={Direct calculations of stable and unstable {ZND} detonations by the Space-Time Conservation Element and Solution Element Method},
  author={Park, S.-J. and Yu, S.-T. and Lai, M.-C. and Chang, S.-C. and Jorgenson, P.},
  booktitle={34th AIAA/ASME/SAE/ASEE Joint Propulsion Conference and Exhibit},
  note={{AIAA}-2017-0459}
}

@article{Noh87,
  title={Errors for calculations of strong shocks using an artificial viscosity and an artificial heat flux},
  author={Noh, W.F.},
  journal={Journal of Computational Physics},
  volume={72},
  number={1},
  pages={78--120},
  year={1987},
  publisher={Elsevier}
}

@article{Cha18,
  title={Multi-patch discontinuous {G}alerkin isogeometric analysis for wave propagation: {E}xplicit time-stepping and efficient mass matrix inversion},
  author={Chan, J. and Evans, J.A.},
  journal={Computer Methods in Applied Mechanics and Engineering},
  volume={333},
  pages={22--54},
  year={2018},
  publisher={Elsevier}
}

@article{Zou17,
  title={A shock-fitting technique for cell-centered finite volume methods on unstructured dynamic meshes},
  author={Zou, D. and Xu, C. and Dong, H. and Liu, J.},
  journal={Journal of Computational Physics},
  volume={345},
  pages={866--882},
  year={2017},
  publisher={Elsevier}
}

@misc{Bis17,
  author={Biscani, F. and Fernando, I. and Izzo, D. and {\v C}ert{\'i}k, O. and Pelteret, J.-P.},
  title = {bluescarni/piranha: piranha-0.10},
  month = {January},
  year = 2017,
  doi = {10.5281/zenodo.246239},
  url = {https://doi.org/10.5281/zenodo.246239}
}

@article{Luo08,
  title={A discontinuous {G}alerkin method based on a Taylor basis for the compressible flows on arbitrary grids},
  author={Luo, H. and Baum, J.D. and L{\"o}hner, R.},
  journal={Journal of Computational Physics},
  volume={227},
  number={20},
  pages={8875--8893},
  year={2008},
  publisher={Elsevier}
}

@article{Luo07,
  title={A Hermite WENO-based limiter for discontinuous {G}alerkin method on unstructured grids},
  author={Luo, H. and Baum, J.D. and L{\"o}hner, R.},
  journal={Journal of Computational Physics},
  volume={225},
  number={1},
  pages={686--713},
  year={2007},
  publisher={Elsevier}
}

@article{Luo06,
  title={A p-multigrid discontinuous {G}alerkin method for the Euler equations on unstructured grids},
  author={Luo, H and Baum, J.D. and L{\"o}hner, R.},
  journal={Journal of Computational Physics},
  volume={211},
  number={2},
  pages={767--783},
  year={2006},
  publisher={Elsevier}
}

@article{Zie03,
  title={New results for the normal shock in inviscid flow at a curved surface},
  author={Zierep, J.},
  journal={ZAMM-Journal of Applied Mathematics and Mechanics/Zeitschrift f{\"u}r Angewandte Mathematik und Mechanik},
  volume={83},
  number={9},
  pages={603--610},
  year={2003},
  publisher={Wiley Online Library}
}

@inproceedings{Zah18_AIAA,
  title={An Optimization Based Discontinuous {G}alerkin Approach for High-Order Accurate Shock Tracking},
  author={Zahr, M.J. and Persson, P.-O.},
  booktitle={2018 AIAA Aerospace Sciences Meeting},
  note={{AIAA}-2018-0063},
  year={2018}
}

@article{Zah17,
   author = {{Zahr}, M.~J. and {Persson}, P.-O.},
  title = "{An optimization-based approach for high-order accurate discretization of conservation laws with discontinuous solutions}",
  journal = {ArXiv e-prints},
   archivePrefix = "arXiv",
   eprint = {1712.03445},
   primaryClass = "math.NA",
   keywords = {Mathematics - Numerical Analysis},
  year = 2017,
   month = dec,
   adsurl = {http://adsabs.harvard.edu/abs/2017arXiv171203445Z},
   adsnote = {Provided by the SAO/NASA Astrophysics Data System}
}

@article{Mor16,
  title={Dilation-based shock capturing for high-order methods},
  author={Moro, David and Nguyen, Ngoc Cuong and Peraire, Jaime},
  journal={International Journal for Numerical Methods in Fluids},
  volume={82},
  number={7},
  pages={398--416},
  year={2016},
  publisher={Wiley Online Library}
}

@article{Lv16,
  title={An entropy-residual shock detector for solving conservation laws using high-order discontinuous {G}alerkin methods},
  author={Lv, Y. and See, Y.-C. and Ihme, M.},
  journal={Journal of Computational Physics},
  volume={322},
  pages={448--472},
  year={2016},
  publisher={Elsevier}
}
@article{Lv15,
title = "Discontinuous {G}alerkin method for multicomponent chemically reacting flows and combustion",
journal = "Journal of Computational Physics",
volume = "270",
pages = "105 - 137",
year = "2014",
issn = "0021-9991",
doi = "https://doi.org/10.1016/j.jcp.2014.03.029",
author = "Yu Lv and Matthias Ihme",
keywords = "Discontinuous Galerkin method, Multicomponent flows, Combustion, Detonation, Deflagration",
}

@article{Chi19,
  title={Shock capturing for discontinuous {G}alerkin methods with application to predicting heat transfer in hypersonic flows},
  author={Ching, E.J. and Lv, Y. and Gnoffo, P. and Barnhardt, M. and Ihme, M.},
  journal={Journal of Computational Physics},
  volume={376},
  pages={54--75},
  year={2019},
  publisher={Elsevier}
}

@article{Zin13,
  title={Implementation of the entropy viscosity method with the discontinuous {G}alerkin method},
  author={Zingan, V. and Guermond, J-L. and Morel, J. and Popov, B.},
  journal={Computer Methods in Applied Mechanics and Engineering},
  volume={253},
  pages={479--490},
  year={2013},
  publisher={Elsevier}
}

@article{Lor17,
  title={Turbulent jet simulation using high-order DG methods for aeroacoustics analysis},
  author={Lorteau, M. and Plata, M.D.D.L. and Couaillier, V.},
  journal={arXiv preprint arXiv:1705.08723},
  year={2017}
}

@article{Lab13,
  title={A CFD/CAA coupling method applied to jet noise prediction},
  author={Labb{\'e}, O. and Peyret, C. and Rahier, G. and Huet, M.},
  journal={Computers \& Fluids},
  volume={86},
  pages={1--13},
  year={2013},
  publisher={Elsevier}
}

@inproceedings{Lab12,
  title={A hybrid LES/CAA method applied to jet noise prediction},
  author={Labb{\'e}, O. and Peyret, C. and Rahier, G. and Huet, M.},
  booktitle={18th AIAA/CEAS Aeroacoustics Conference (33rd AIAA Aeroacoustics Conference)},
  pages={2106},
  year={2012}
}

@article{Leg12,
  title={Coupled discontinuous {G}alerkin/finite difference solver on hybrid meshes for computational aeroacoustics},
  author={L{\'e}ger, R. and Peyret, C. and Piperno, S.},
  journal={AIAA journal},
  volume={50},
  number={2},
  pages={338--349},
  year={2012},
  publisher={American Institute of Aeronautics and Astronautics, 1801 Alexander Bell Dr., Suite 500 Reston VA 20191-4344 United States}
}

@article{Del05,
  title={Computational aeroacoustics applications based on a discontinuous {G}alerkin method},
  author={Delorme, P. and Mazet, P. and Peyret, C. and Ventribout, Y.},
  journal={Comptes Rendus M{\'e}canique},
  volume={333},
  number={9},
  pages={676--682},
  year={2005},
  publisher={Elsevier}
}

@incollection{Goo05,
  title={3D interaction of shock waves in corner flow},
  author={Goonko, Y.P. and Kudryavtsev, A.N. and Chpoun, A.},
  booktitle={Shock Waves},
  pages={437--442},
  year={2005},
  publisher={Springer}
}

@article{Got01,
 title={Strong stability-preserving high-order time discretization methods},
 author={Gottlieb, S. and Shu, C.W. and Tadmor, E.},
 journal={SIAM review},
 volume={43},
 number={1},
 pages={89--112},
 year={2001},
 publisher={SIAM}
}

@article{Spi02,
  title={A new class of optimal high-order strong-stability-preserving time discretization methods},
  author={Spiteri, R.J. and Ruuth, S.J.},
  journal={SIAM Journal on Numerical Analysis},
  volume={40},
  number={2},
  pages={469--491},
  year={2002},
  publisher={SIAM}
}

@article{Zha04,
  title={Error estimates to smooth solutions of {R}unge--{K}utta discontinuous {G}alerkin methods for scalar conservation laws},
  author={Zhang, Q. and Shu, C-.W.},
  journal={SIAM Journal on Numerical Analysis},
  volume={42},
  number={2},
  pages={641--666},
  year={2004},
  publisher={SIAM}
}

@article{Deg87,
  title={The interaction of an oblique shock wave with a laminar boundary layer revisited. An experimental and numerical study},
  author={Degrez, G. and Boccadoro, C.H. and Wendt, J.F.},
  journal={Journal of Fluid Mechanics},
  volume={177},
  pages={247--263},
  year={1987},
  publisher={Cambridge University Press}
}

@article{Sch96,
  title={Documentation of two-dimensional impinging shock/turbulent boundary layer interaction flow},
  author={Sch{\"u}lein, E. and Krogmann, P. and Stanewsky, E.},
  year={1996}
}

@inproceedings{Cor18_AVIATION,
  author = {Corrigan, A. and Kercher, A. and Kessler, D. and Wood-Thomas, D.},
  title = {Application of the Moving Discontinuous {G}alerkin Method with Interface Condition Enforcement to Shocked Compressible Flows},
  booktitle = {2018 AIAA AVIATION Forum},
  month = {June},
  year = {2018},
  note = {AIAA-2018-4272}
}

@inproceedings{Cor18_SCITECH,
  author = {Corrigan, A. and Kercher, A. and Liu, J. and Kailasanath, K.},
  title = {Jet Noise Simulation using a Higher-Order Discontinuous {G}alerkin Method},
  booktitle = {2018 AIAA SciTech Forum},
  month = {January},
  year = {2018},
  note = {{A}IAA-2018-1247}
}

@article{Zah18,
  title={An optimization-based approach for high-order accurate discretization of conservation laws with discontinuous solutions},
  author={Zahr, M.J. and Persson, P-O},
  journal={Journal of Computational Physics},
  year={2018},
  publisher={Elsevier}
}

@article{Zah18_history,
  title={An optimization-based approach for high-order accurate discretization of conservation laws with discontinuous solutions},
  author={Zahr, M.J. and Persson, P-O},
  journal={Journal of Computational Physics},
  year={2018},
  publisher={Elsevier},
  note={, (Submitted December 9, 2017, Accepted March 16, 2018)}
}

@article{Cor18,
  title={A Moving Discontinuous {G}alerkin Finite Element Method for Flows with Interfaces},
  author={Corrigan, A. and Kercher, A. and Kessler, D.},
  journal={International Journal for Numerical Methods in Fluids},
  year={2019},
  publisher={Wiley},
  volume = {89},
  number = {9},
  pages = {362-406},
  doi={10.1002/fld.4697}
}

@techreport{Cor17_no_note,
  title={A Moving Discontinuous {G}alerkin Finite Element Method for Flows with Interfaces},
  author={Corrigan, A. and Kercher, A. and Kessler, D.},
  month={December},
  year={2017},
  institution={U.S. Naval Research Laboratory},
  number={NRL/MR/6040--17-9765}
}

@techreport{Cor17,
  title={A Moving Discontinuous {G}alerkin Finite Element Method for Flows with Interfaces},
  author={Corrigan, A. and Kercher, A. and Kessler, D.},
  month={December},
  year={2017},
  institution={U.S. Naval Research Laboratory},
  number={NRL/MR/6040--17-9765}
}

@techreport{Cor20_Ref,
  title={Weak Formulation of a Conservation Law in Reference Space},
  author={Corrigan, A. and Williams, D.M. and Kercher, A.D.},
  month={March},
  year={2020},
  institution={U.S. Naval Research Laboratory},
  number={}
}

@article{Bat97,
  title={On the choice of wavespeeds for the {HLLC} {R}iemann solver},
  author={Batten, P. and Clarke, N. and Lambert, C. and Causon, D.M.},
  journal={SIAM Journal on Scientific Computing},
  volume={18},
  number={6},
  pages={1553--1570},
  year={1997},
  publisher={SIAM}
}

@book{Tor13,
  title={Riemann solvers and numerical methods for fluid dynamics: {A} practical introduction},
  author={Toro, E.F.},
  year={2013},
  publisher={Springer Science \& Business Media}
}

@article{Per08,
  title={Newton-{GMRES} preconditioning for discontinuous {G}alerkin discretizations of the {N}avier--{S}tokes equations},
  author={Persson, P-O and Peraire, J.},
  journal={SIAM Journal on Scientific Computing},
  volume={30},
  number={6},
  pages={2709--2733},
  year={2008},
  publisher={SIAM}
}
@article{Fid05,
  title={p-{M}ultigrid solution of high-order discontinuous {G}alerkin discretizations of the compressible {N}avier--{S}tokes equations},
  author={Fidkowski, K.J. and Oliver, T.A and Lu, J. and Darmofal, D.L.},
  journal={Journal of Computational Physics},
  volume={207},
  number={1},
  pages={92--113},
  year={2005},
  publisher={Elsevier}
}

@article{Bre04,
  title={Discontinuous {G}alerkin methods for first-order hyperbolic problems},
  author={Brezzi, F. and Marini, L.D. and S{\"u}li, E.},
  journal={Mathematical models and methods in applied sciences},
  volume={14},
  number={12},
  pages={1893--1903},
  year={2004},
  publisher={World Scientific}
}

@article{Arn02,
  title={Unified analysis of discontinuous {G}alerkin methods for elliptic problems},
  author={Arnold, D.N. and Brezzi, F. and Cockburn, B. and Marini, L.D.},
  journal={SIAM Journal on Numerical Analysis},
  volume={39},
  number={5},
  pages={1749--1779},
  year={2002},
  publisher={SIAM}
}

@article{Bas97_2,
  title={High-order accurate discontinuous finite element solution of the 2{D} {E}uler equations},
  author={Bassi, F. and Rebay, S.},
  journal={Journal of Computational Physics},
  volume={138},
  number={2},
  pages={251--285},
  year={1997},
  publisher={Elsevier}
}

@article{Bas97,
  title={A high-order accurate discontinuous finite element method for the numerical solution of the compressible {N}avier--{S}tokes equations},
  author={Bassi, F. and Rebay, S.},
  journal={Journal of Computational Physics},
  volume={131},
  number={2},
  pages={267--279},
  year={1997},
  publisher={Elsevier}
}

@article{Bas98,
  title={An implicit high-order discontinuous {G}alerkin method for the steady state compressible {N}avier-{S}tokes equations},
  author={Bassi, F and Rebay, S},
  journal={Computational fluid dynamics'98},
  pages={1226--1233},
  year={1998}
}

@incollection{Bas00,
  title={{G}{M}{R}{E}{S} discontinuous {G}alerkin solution of the compressible {N}avier-{S}tokes equations},
  author={Bassi, F and Rebay, S},
  booktitle={Discontinuous Galerkin Methods},
  pages={197--208},
  year={2000},
  publisher={Springer}
}

@article{Bas02,
  title={Numerical evaluation of two discontinuous Galerkin methods for the compressible Navier--Stokes equations},
  author={Bassi, Francesco and Rebay, Stefano},
  journal={International journal for numerical methods in fluids},
  volume={40},
  number={1-2},
  pages={197--207},
  year={2002},
  publisher={Wiley Online Library}
}

@book{Loh08,
  author = {L{\"o}hner, R.},
  publisher = {J. Wiley \& Sons},
  title = {Applied {CFD} Techniques},
  year = {2008}
}

@article{Gli98,
  title={Three-dimensional front tracking},
  author={Glimm, J. and Grove, J.W. and Li, X. and Shyue, K-M. and Zeng, Y. and Zhang, Q.},
  journal={SIAM Journal on Scientific Computing},
  volume={19},
  number={3},
  pages={703--727},
  year={1998},
  publisher={SIAM}
}

@article{She16,
  title={Front-Tracking Methods},
  author={She, D and Kaufman, R and Lim, H and Melvin, J and Hsu, A and Glimm, J},
  journal={Handbook of Numerical Analysis},
  volume={17},
  pages={383--402},
  year={2016},
  publisher={Elsevier}
}

@article{Roe02,
  title={Adaptive grid generation by minimizing residuals},
  author={Roe, P. and Nishikawa, H.},
  journal={International Journal for Numerical Methods in Fluids},
  volume={40},
  number={1-2},
  pages={121--136},
  year={2002},
  publisher={Wiley Online Library}
}

@book{Hua10,
  title={Adaptive moving mesh methods},
  author={Huang, W. and Russell, R.D.},
  year={2010},
  publisher={Springer Science \& Business Media}
}

@article{Bec09,
  title={A {N}itsche extended finite element method for incompressible elasticity with discontinuous modulus of elasticity},
  author={Becker, R. and Burman, E. and Hansbo, P.},
  journal={Computer Methods in Applied Mechanics and Engineering},
  volume={198},
  number={41},
  pages={3352--3360},
  year={2009},
  publisher={Elsevier}
}

@article{Elg16,
  title={Deforming fluid domains within the finite element method: five mesh-based tracking methods in comparison},
  author={Elgeti, S. and Sauerland, H.},
  journal={Archives of Computational Methods in Engineering},
  volume={23},
  number={2},
  pages={323--361},
  year={2016},
  publisher={Springer}
}

@article{Mas12,
  title={An unfitted discontinuous {G}alerkin method applied to elliptic interface problems},
  author={Massjung, R.},
  journal={SIAM Journal on Numerical Analysis},
  volume={50},
  number={6},
  pages={3134--3162},
  year={2012},
  publisher={SIAM}
}

@article{Gro06,
  title={A finite element based level set method for two-phase incompressible flows},
  author={Gro{\ss}, S. and Reichelt, V. and Reusken, A.},
  journal={Computing and Visualization in Science},
  volume={9},
  number={4},
  pages={239--257},
  year={2006},
  publisher={Springer}
}

@article{Han02,
  title={An unfitted finite element method, based on {N}itscheâs method, for elliptic interface problems},
  author={Hansbo, A. and Hansbo, P.},
  journal={Computer Methods in Applied Mechanics and Engineering},
  volume={191},
  number={47},
  pages={5537--5552},
  year={2002},
  publisher={Elsevier}
}

@article{Fri10,
  title={The extended/generalized finite element method: an overview of the method and its applications},
  author={Fries, T-P and Belytschko, T},
  journal={International Journal for Numerical Methods in Engineering},
  volume={84},
  number={3},
  pages={253--304},
  year={2010},
  publisher={Wiley Online Library}
}

@article{Leh16,
  title={High order unfitted finite element methods on level set domains using isoparametric mappings},
  author={Lehrenfeld, C.},
  journal={Computer Methods in Applied Mechanics and Engineering},
  volume={300},
  pages={716--733},
  year={2016},
  publisher={Elsevier}
}

@article{Leh15,
  title={The {N}itsche {XFEM}-{DG} space-time method and its implementation in three space dimensions},
  author={Lehrenfeld, C.},
  journal={SIAM Journal on Scientific Computing},
  volume={37},
  number={1},
  pages={A245--A270},
  year={2015},
  publisher={SIAM}
}

@article{Leh13,
  title={Analysis of a {N}itsche {XFEM}-{DG} discretization for a class of two-phase mass transport problems},
  author={Lehrenfeld, C. and Reusken, A.},
  journal={SIAM Journal on Numerical Analysis},
  volume={51},
  number={2},
  pages={958--983},
  year={2013},
  publisher={SIAM}
}

@phdthesis{Neu13,
    Author = {Neum{\"u}ller, M.},
    Month = {June},
    School = {Graz University of Technology},
    Title = {Space-Time Methods: Fast Solvers and Applications},
    Year = {2013}}

@book{Sal09,
  title={A shock-fitting primer},
  author={Salas, M.D.},
  year={2009},
  publisher={CRC Press}
}

@incollection{Sal11,
  title={A brief history of shock-fitting},
  author={Salas, M.D.},
  booktitle={Computational Fluid Dynamics 2010},
  pages={37--53},
  year={2011},
  publisher={Springer}
}

@article{Hue12,
  title={A simple shock-capturing technique for high-order discontinuous {G}alerkin methods},
  author={Huerta, A. and Casoni, E. and Peraire, J.},
  journal={International Journal for Numerical Methods in Fluids},
  volume={69},
  number={10},
  pages={1614--1632},
  year={2012},
  publisher={Wiley Online Library}
}
@article{Bar10,
  title={Shock capturing with {PDE}-based artificial viscosity for {DGFEM}: Part {I}. Formulation},
  author={Barter, G.E. and Darmofal, D.L.},
  journal={Journal of Computational Physics},
  volume={229},
  number={5},
  pages={1810--1827},
  year={2010},
  publisher={Elsevier}
}
@article{Har06,
  title={Adaptive discontinuous {G}alerkin methods with shock-capturing for the compressible {N}avier--{S}tokes equations},
  author={Hartmann, R.},
  journal={International Journal for Numerical Methods in Fluids},
  volume={51},
  number={9-10},
  pages={1131--1156},
  year={2006},
  publisher={Wiley Online Library}
}

@article{Har02,
  title={Adaptive discontinuous {G}alerkin finite element methods for the compressible {E}uler equations},
  author={Hartmann, R. and Houston, P.},
  journal={Journal of Computational Physics},
  volume={183},
  number={2},
  pages={508--532},
  year={2002},
  publisher={Elsevier}
}

@article{Klai06,
  title={Space--time discontinuous {G}alerkin method for the compressible {N}avier--{S}tokes equations},
  author={Klaij, C.M. and van der Vegt, J.J.W. and van der Ven, H.},
  journal={Journal of Computational Physics},
  volume={217},
  number={2},
  pages={589--611},
  year={2006},
  publisher={Elsevier}
}
@article{Van02,
  title={Space--time discontinuous {G}alerkin finite element method with dynamic grid motion for inviscid compressible flows: {I}. General formulation},
  author={van der Vegt, J.J.W. and Van der Ven, H},
  journal={Journal of Computational Physics},
  volume={182},
  number={2},
  pages={546--585},
  year={2002},
  publisher={Elsevier}
}

@article{Coc98,
  title={The {R}unge--{K}utta discontinuous {G}alerkin method for conservation laws {V}: multidimensional systems},
  author={Cockburn, Bernardo and Shu, Chi-Wang},
  journal={Journal of Computational Physics},
  volume={141},
  number={2},
  pages={199--224},
  year={1998},
  publisher={Elsevier}
}

@incollection{Coc00,
  title={The development of discontinuous {G}alerkin methods},
  author={Cockburn, B. and Karniadakis, G.E. and Shu, C.-W.},
  booktitle={Discontinuous {G}alerkin Methods},
  pages={3--50},
  year={2000},
  publisher={Springer}
}

@article{Coc01,
  title={Runge--Kutta discontinuous {G}alerkin methods for convection-dominated problems},
  author={Cockburn, B. and Shu, C.-W.},
  journal={Journal of scientific computing},
  volume={16},
  number={3},
  pages={173--261},
  year={2001},
  publisher={Springer}
}

@article{Har83,
  title={Self adjusting grid methods for one-dimensional hyperbolic conservation laws},
  author={Harten, A. and Hyman, J.M.},
  journal={Journal of Computational Physics},
  volume={50},
  number={2},
  pages={235--269},
  year={1983},
  publisher={Elsevier}
}

@article{Eme68,
  title={An evaluation of several differencing methods for inviscid fluid flow problems},
  author={Emery, A.F.},
  journal={Journal of Computational Physics},
  volume={2},
  number={3},
  pages={306--331},
  year={1968},
  publisher={Elsevier}
}

@article{Woo84,
  title={The numerical simulation of two-dimensional fluid flow with strong shocks},
  author={Woodward, P.R. and Colella, P.},
  journal={Journal of Computational Physics},
  volume={54},
  number={1},
  pages={115--173},
  year={1984},
  publisher={Elsevier}
}

@article{Col84,
  title={The piecewise parabolic method ({PPM}) for gas-dynamical simulations},
  author={Colella, P. and Woodward, P.R.},
  journal={Journal of Computational Physics},
  volume={54},
  number={1},
  pages={174--201},
  year={1984},
  publisher={Elsevier}
}

@article{Gou17,
  title={The State-of-the-Art of Preconditioners for Sparse Linear Least-Squares Problems},
  author={Gould, N. and Scott, J.},
  journal={ACM Transactions on Mathematical Software (TOMS)},
  volume={43},
  number={4},
  pages={36},
  year={2017},
  publisher={ACM}
}

@article{And15,
  title={Monotonicity in high-order curvilinear finite element arbitrary {L}agrangian--{E}ulerian remap},
  author={Anderson, R.W. and Dobrev, V.A. and Kolev, Tz.V. and Rieben, R.N.},
  journal={International Journal for Numerical Methods in Fluids},
  volume={77},
  number={5},
  pages={249--273},
  year={2015},
  publisher={Wiley Online Library}
}

@article{Dob12,
  title={High-order curvilinear finite element methods for {L}agrangian hydrodynamics},
  author={Dobrev, V.A and Kolev, Tz.V. and Rieben, Robert N},
  journal={SIAM Journal on Scientific Computing},
  volume={34},
  number={5},
  pages={B606--B641},
  year={2012},
  publisher={SIAM}
}

@article{Dob11,
  title={Curvilinear finite elements for {L}agrangian hydrodynamics},
  author={Dobrev, V.A. and Ellis, T.E. and Kolev, Tz.V. and Rieben, R.N.},
  journal={International Journal for Numerical Methods in Fluids},
  volume={65},
  number={11-12},
  pages={1295--1310},
  year={2011},
  publisher={Wiley Online Library}
}

@article{Fon11,
  title={{LSMR}: An iterative algorithm for sparse least-squares problems},
  author={Fong, D.C.L. and Saunders, M.},
  journal={SIAM Journal on Scientific Computing},
  volume={33},
  number={5},
  pages={2950--2971},
  year={2011},
  publisher={SIAM}
}
@article{Pai82,
  title={{LSQR}: An algorithm for sparse linear equations and sparse least squares},
  author={Paige, C.C. and Saunders, M.A.},
  journal={ACM Transactions on Mathematical Software},
  volume={8},
  number={1},
  pages={43--71},
  year={1982}
}

@article{Pai75,
  title={Solution of sparse indefinite systems of linear equations},
  author={Paige, C.C. and Saunders, M.A.},
  journal={SIAM Journal on Numerical Analysis},
  volume={12},
  number={4},
  pages={617--629},
  year={1975},
  publisher={Society for Industrial and Applied Mathematics}
}

@article{Cho11,
  title={{MINRES-QLP}: A {K}rylov subspace method for indefinite or singular symmetric systems},
  author={Choi, S.C.T. and Paige, C.C. and Saunders, M.A.},
  journal={SIAM Journal on Scientific Computing},
  volume={33},
  number={4},
  pages={1810--1836},
  year={2011},
  publisher={SIAM}
}

@incollection{Shu98,
  title={Essentially non-oscillatory and weighted essentially non-oscillatory schemes for hyperbolic conservation laws},
  author={Shu, C.W.},
  booktitle={Advanced Numerical Approximation of Nonlinear Hyperbolic Equations},
  pages={325--432},
  year={1998},
  publisher={Springer}
}

@article{Shu89,
  title={Efficient implementation of essentially non-oscillatory shock-capturing schemes, II},
  author={Shu, C.W. and Osher, S.},
  journal={Journal of Computational Physics},
  volume={83},
  number={1},
  pages={32--78},
  year={1989},
  publisher={Elsevier}
}

@article{Say17,
  title={Implicit mesh discontinuous {G}alerkin methods and interfacial gauge methods for high-order accurate interface dynamics, with applications to surface tension dynamics, rigid body fluid-structure interaction, and free surface flow: Part I},
  author={Saye, R.},
  journal={Journal of Computational Physics},
  year={2017},
  publisher={Elsevier}
}

@proceedings{CAA04,
  title={Proceedings of the Fourth computational aeroacoustics ({CAA}) workshop on benchmark problems},
  editor={Dahl, M.},
  year={2004}
}

@phdthesis{Veh16,
  title={Shape optimization based on a fictitious domain method with curves},
  author={Vehling, T.},
  year={2016},
  school={Universit{\"a}t Hamburg}
}

@phdthesis{Keu15,
  title={Second Order Shape Optimization with Geometric Constraints},
  author={Keuthen, M.},
  year={2015},
  school={Technical University of Munich}
}

@article{Tez92_2,
  title={A New Strategy for Finite Element Computations Involving Moving Boundaries and Interfaces--The DSD/ST Procedure: II. Computation of Free-surface Flows, Two-liquid Flows, and Flows with Drifting Cylinders},
  author={Tezduyar, T.E. and Behr, M. and Mittal, S. and Liou, J.},
  journal={Computer Methods in Applied Mechanics and Engineering},
  volume={94},
  pages={353--371},
  year={1992}
}

@article{Tez92,
  title={A New Strategy for Finite Element Computations Involving Moving Boundaries and Interfaces -- The Deforming-Spatial-Domain/Space-Time Procedure: I. The Concept and the Preliminary Numerical Tests},
  author={Tezduyar, T.E. and Behr, M. and Liou, J.},
  journal={Computer Methods in Applied Mechanics and Engineering},
  volume={94},
  pages={339--351},
  year={1992},
  publisher={Elsevier}
}

@article{Mas97,
  title={A space-time {G}alerkin/least-squares finite element formulation of the {N}avier-{S}tokes equations for moving domain problems},
  author={Masud, A. and Hughes, T.J.R.},
  journal={Computer Methods in Applied Mechanics and Engineering},
  volume={146},
  number={1-2},
  pages={91--126},
  year={1997},
  publisher={Elsevier}
}

@article{Joh10,
  title={Assessment of high-resolution methods for numerical simulations of compressible turbulence with shock waves},
  author={Johnsen, E. and Larsson, J. and Bhagatwala, A.V. and Cabot, W.H. and Moin, P. and Olson, B.J. and Rawat, P.S. and Shankar, S.K. and Sj{\"o}green, B. and Yee, HC and Zhong, X.},
  journal={Journal of Computational Physics},
  volume={229},
  number={4},
  pages={1213--1237},
  year={2010},
  publisher={Elsevier}
}

@article{Pan01,
  title={Numerical instabilities in upwind methods: analysis and cures for the "carbuncle" phenomenon},
  author={Pandolfi, M. and D'Ambrosio, D.},
  journal={Journal of Computational Physics},
  volume={166},
  number={2},
  pages={271--301},
  year={2001},
  publisher={Elsevier}
}

@article{Zho98,
  title={High-order finite-difference schemes for numerical simulation of hypersonic boundary-layer transition},
  author={Zhong, X.},
  journal={Journal of Computational Physics},
  volume={144},
  number={2},
  pages={662--709},
  year={1998},
  publisher={Elsevier}
}

@article{Joh08,
  title={Numerical errors generated in simulations of slowly moving shocks},
  author={Johnsen, E. and Lele, S.K.},
  journal={Center for Turbulence Research, Annual Research Briefs},
  pages={1--12},
  year={2008}
}

@article{Che04,
  title={Arbitrary discontinuities in space--time finite elements by level sets and X-FEM},
  author={Chessa, J. and Belytschko, T.},
  journal={International Journal for Numerical Methods in Engineering},
  volume={61},
  number={15},
  pages={2595--2614},
  year={2004},
  publisher={Wiley Online Library}
}

@article{Roe81,
  title={Approximate {R}iemann solvers, parameter vectors, and difference schemes},
  author={Roe, P.L.},
  journal={Journal of Computational Physics},
  volume={43},
  number={2},
  pages={357--372},
  year={1981},
  publisher={Elsevier}
}


@article{Aro97,
  title={On postshock oscillations due to shock capturing schemes in unsteady flows},
  author={Arora, M. and Roe, P.L.},
  journal={Journal of Computational Physics},
  volume={130},
  number={1},
  pages={25--40},
  year={1997},
  publisher={Elsevier}
}

@article{Qui94,
  title={A contribution to the great {R}iemann solver debate},
  author={Quirk, J.J.},
  journal={International Journal for Numerical Methods in Fluids},
  volume={18},
  number={6},
  pages={555--574},
  year={1994},
  publisher={Wiley Online Library}
}

@article{Pir11,
  title={Numerical methods for high-speed flows},
  author={Pirozzoli, S.},
  journal={Annual Review of Fluid Mechanics},
  volume={43},
  pages={163--194},
  year={2011},
  publisher={Annual Reviews}
}

@article{Son16,
  title={Shape derivatives for the compressible {N}avier--{S}tokes equations in variational form},
  author={Sonntag, M. and Schmidt, S. and Gauger, N.R.},
  journal={Journal of Computational and Applied Mathematics},
  volume={296},
  pages={334--351},
  year={2016},
  publisher={Elsevier}
}

@article{Hom03_2,
  title={Numerical and theoretical considerations for sensitivity calculation of discontinuous flow},
  author={Homescu, C. and Navon, I.M.},
  journal={Systems \& Control Letters},
  volume={48},
  number={3},
  pages={253--260},
  year={2003},
  publisher={Elsevier}
}

@article{Hom03_1,
  title={Optimal control of flow with discontinuities},
  author={Homescu, C. and Navon, I.M.},
  journal={Journal of Computational Physics},
  volume={187},
  number={2},
  pages={660--682},
  year={2003},
  publisher={Elsevier}
}

@mastersthesis{Fik16_1,
  title={Adjoint-based optimization for hyperbolic balance laws in the presence of discontinuities},
  school={University of Illinois at Urbana-Champaign},
  author={Fikl, A.},
  year={2016}
}

@inproceedings{Fik16,
  title={A Comprehensive Study of Adjoint-Based Optimization of Non-Linear Systems with Application to {B}urgers' Equation},
  author={Fikl, A. and Le Chenadec, V. and Sayadi, T. and Schmid, P.},
  booktitle={46th AIAA Fluid Dynamics Conference},
  pages={3805},
  year={2016}
}

@article{Moh04,
  title={Shape optimization in fluid mechanics},
  author={Mohammadi, B. and Pironneau, O.},
  journal={Annu. Rev. Fluid Mech.},
  volume={36},
  pages={255--279},
  year={2004},
  publisher={Annual Reviews}
}

@article{Cas08,
  title={An alternating descent method for the optimal control of the inviscid {B}urgers equation in the presence of shocks},
  author={Castro, C. and Palacios, F. and Zuazua, E.},
  journal={Mathematical Models and Methods in Applied Sciences},
  volume={18},
  number={03},
  pages={369--416},
  year={2008},
  publisher={World Scientific}
}

@incollection{Cas10,
  title={Optimal control and vanishing viscosity for the {B}urgers equation},
  author={Castro, C. and Palacios, F. and Zuazua, E.},
  booktitle={Integral Methods in Science and Engineering, Volume 2},
  pages={65--90},
  year={2010},
  publisher={Springer}
}

@article{Bae09,
  title={2-D {E}uler shape design on nonregular flows using adjoint {R}ankine-{H}ugoniot relations},
  author={Baeza, A. and Castro, C. and Palacios, F. and Zuazua, E.},
  journal={AIAA Journal},
  volume={47},
  number={3},
  pages={552--562},
  year={2009}
}

@article{Ala12,
  title={Continuous and discrete adjoints to the {E}uler equations for fluids},
  author={Alauzet, F. and Pironneau, O.},
  journal={International Journal for Numerical Methods in Fluids},
  volume={70},
  number={2},
  pages={135--157},
  year={2012},
  publisher={Wiley Online Library}
}
@article{Gil00,
	Author = {M. Giles and N. Pierce},
	Journal = {Flow, Turbulence, and Combustion},
	Pages = {393--415},
	Title = {An Introduction to the Adjoint Approach to Design},
	Volume = {65},
	Year = {2000}
}

@incollection{Gil03,
  title={Discrete adjoint approximations with shocks},
  author={M. Giles},
  booktitle={Hyperbolic Problems: Theory, Numerics, Applications},
  pages={185--194},
  year={2003},
  publisher={Springer}
}

@book{Ulb09,
	Author = {M. Hinze and R. Pinnau and M. Ulbrich and S. Ulbrich},
	Publisher = {Springer},
	Title = {Optimization with PDE Constraints},
	Year = {2009}
}

@article{Ulb01,
  title={Optimal control of nonlinear hyperbolic conservation laws with source terms},
  author={Ulbrich, S.},
  journal={Technische Universitaet Muenchen},
  year={2001}
}

@article{Ulb02,
  title={A sensitivity and adjoint calculus for discontinuous solutions of hyperbolic conservation laws with source terms},
  author={Ulbrich, S.},
  journal={SIAM Journal on Control and Optimization},
  volume={41},
  number={3},
  pages={740--797},
  year={2002},
  publisher={SIAM}
}

@article{Ulb03,
  title={Adjoint-based derivative computations for the optimal control of discontinuous solutions of hyperbolic conservation laws},
  author={Ulbrich, S.},
  journal={Systems \& Control Letters},
  volume={48},
  number={3},
  pages={313--328},
  year={2003},
  publisher={Elsevier}
}

@article{Gil10_1,
  title={Convergence of linearized and adjoint approximations for discontinuous solutions of conservation laws. Part 1: Linearized approximations and linearized output functionals},
  author={M. Giles and S. Ulbrich},
  journal={SIAM Journal on Numerical Analysis},
  volume={48},
  number={3},
  pages={882--904},
  year={2010},
  publisher={SIAM}
}

@article{Gil10_2,
  title={Convergence of linearized and adjoint approximations for discontinuous solutions of conservation laws. Part 2: Adjoint approximations and extensions},
  author={M. Giles and S. Ulbrich},
  journal={SIAM Journal on Numerical Analysis},
  volume={48},
  number={3},
  pages={905--921},
  year={2010},
  publisher={SIAM}
}

@article{Ale14,
  title={Space--time adaptive solution of inverse problems with the discrete adjoint method},
  author={M. Alexe and A. Sandu},
  journal={Journal of Computational Physics},
  volume={270},
  pages={21--39},
  year={2014},
  publisher={Elsevier}
}

@article{Sch13,
  title={A note on adjoint error estimation for one-dimensional stationary balance laws with shocks},
  author={Schutz, J. and Noelle, S. and Steiner, C. and May, G.},
  journal={SIAM Journal on Numerical Analysis},
  volume={51},
  number={1},
  pages={126--136},
  year={2013},
  publisher={SIAM}
}

@article{Har07,
  title={Adjoint consistency analysis of discontinuous {G}alerkin discretizations},
  author={Hartmann, R.},
  journal={SIAM Journal on Numerical Analysis},
  volume={45},
  number={6},
  pages={2671--2696},
  year={2007},
  publisher={SIAM}
}

@InCollection{Har13,
  author = 	 {R. Hartmann and T. Leicht},
  title = 	 {Higher order and adaptive {DG} methods for compressible flows},
  booktitle = 	 {VKI LS 2014-03: 37\textsuperscript{th} Advanced VKI CFD Lecture Series: Recent
     developments in higher order methods and industrial application in aeronautics, Dec. 9-12, 2013},
  publisher =	 {Von Karman Institute for Fluid Dynamics, Rhode Saint Gen{\`e}se, Belgium},
  year =	 2014,
  editor =	 {H. Deconinck}
}

@article{Har15,
  title={Generalized adjoint consistent treatment of wall boundary conditions for compressible flows},
  author={Hartmann, R. and Leicht, T.},
  journal={Journal of Computational Physics},
  volume={300},
  pages={754--778},
  year={2015},
  publisher={Elsevier}
}

@inproceedings{San15,
  author = {Sanjaya, D.P. and Fidkowski, K.J.},
  title = {Improving High-Order Finite Element Approximation Through Geometrical Warping},
  type = {AIAA Paper},
  number = {2015--2605},
  year = {2015},
  booktitle={22nd AIAA Computational Fluid Dynamics Conference},
  doi = {10.2514/6.2015-2605}
}

@article{San16,
  title={Improving High-Order Finite Element Approximation Through Geometrical Warping},
  author = {Sanjaya, D.P. and Fidkowski, K.J.},
  journal={AIAA Journal},
  volume = {54},
  number={12},
  pages={3994--4010},
  year={2016},
  publisher={American Institute of Aeronautics and Astronautics}
}

@article{Per09,
  title={Discontinuous {G}alerkin solution of the {N}avier--{S}tokes equations on deformable domains},
  author={Persson, P-O and Bonet, J and Peraire, J},
  journal={Computer Methods in Applied Mechanics and Engineering},
  volume={198},
  number={17},
  pages={1585--1595},
  year={2009},
  publisher={Elsevier}
}

@article{Ngu09,
  title={An implicit high-order hybridizable discontinuous {G}alerkin method for linear convection--diffusion equations},
  author={Nguyen, NC and Peraire, J. and Cockburn, B.},
  journal={Journal of Computational Physics},
  volume={228},
  number={9},
  pages={3232--3254},
  year={2009},
  publisher={Elsevier}
}

@article{Huy13,
  title={A high-order hybridizable discontinuous {G}alerkin method for elliptic interface problems},
  author={Huynh, LNT and Nguyen, NC and Peraire, J. and Khoo, BC},
  journal={International Journal for Numerical Methods in Engineering},
  volume={93},
  number={2},
  pages={183--200},
  year={2013},
  publisher={Wiley Online Library}
}

@article{Per10,
  title={A hybridizable discontinuous {G}alerkin method for the compressible {E}uler and {N}avier-{S}tokes equations},
  author={Peraire, J. and Nguyen, NC and Cockburn, B.},
  journal={AIAA paper},
  volume={363},
  pages={2010},
  year={2010}
}

@article{Fid16,
  title={A hybridized discontinuous {G}alerkin method on mapped deforming domains},
  author={Fidkowski, K.J.},
  journal={Computers \& Fluids},
  volume={139},
  pages={80--91},
  year={2016},
  publisher={Elsevier}
}

@article{Wan13,
  author = {Z.J. Wang and K. Fidkowski and R. Abgrall and
          F. Bassi and D. Caraeni and A. Cary and
          H. Deconinck and R. Hartmann and K.
          Hillewaert and H.T. Huynh and N. Kroll and
          G. May and P.-O. Persson and B. van Leer and
          M. Visbal},
  title = {High-Order {CFD} Methods: Current Status and Perspective},
  journal = {International Journal for Numerical Methods in Fluids},
  year = {2013},
  doi = {10.1002/fld.3767}
}

@article{Ngu10,
  title={A discontinuous {G}alerkin front tracking method for two-phase flows with surface tension},
  author={Nguyen, V.-T. and Peraire, J. and Khoo, B.C. and Persson, P.-O.},
  journal={Computers \& Fluids},
  volume={39},
  number={1},
  pages={1--14},
  year={2010},
  publisher={Elsevier}
}

@article{Sch13_LIM,
  title={Locally injective mappings},
  author={Sch{\"u}ller, C. and Kavan, L. and Panozzo, D. and Sorkine-Hornung, O.},
  journal={Computer Graphics Forum},
  volume={32},
  number={5},
  pages={125--135},
  year={2013},
  organization={Wiley Online Library}
}

@article{Mil81_2,
  title={Moving finite elements. {II}},
  author={Miller, Keith},
  journal={SIAM Journal on Numerical Analysis},
  volume={18},
  number={6},
  pages={1033--1057},
  year={1981},
  publisher={SIAM}
}

@article{Mil81,
  title={Moving finite elements. {I}},
  author={Miller, K. and Miller, R.N.},
  journal={SIAM Journal on Numerical Analysis},
  volume={18},
  number={6},
  pages={1019--1032},
  year={1981},
  publisher={SIAM}
}

@article{Gel81,
  title={The moving finite element method: applications to general partial differential equations with multiple large gradients},
  author={Gelinas, R.J. and Doss, S.K. and Miller, K.},
  journal={Journal of Computational Physics},
  volume={40},
  number={1},
  pages={202--249},
  year={1981},
  publisher={Elsevier}
}

@article{Bon13,
  title={An unstructured, three-dimensional, shock-fitting solver for hypersonic flows},
  author={Bonfiglioli, A. and Grottadaurea, M. and Paciorri, R. and Sabetta, F.},
  journal={Computers \& Fluids},
  volume={73},
  pages={162--174},
  year={2013},
  publisher={Elsevier}
}

@article{Bon14,
  title={Convergence analysis of shock-capturing and shock-fitting solutions on unstructured grids},
  author={Bonfiglioli, A. and Paciorri, R.},
  journal={AIAA Journal},
  year={2014},
  publisher={American Institute of Aeronautics and Astronautics}
}

@article {Bon16,
author = {Bonfiglioli, A. and Paciorri, R. and Campoli, L.},
title = {Unsteady shock-fitting for unstructured grids},
journal = {International Journal for Numerical Methods in Fluids},
volume = {81},
number = {4},
issn = {1097-0363},
doi = {10.1002/fld.4183},
pages = {245--261},
year = {2016},
}

@article{Mor02,
  title={Thirty-six years of shock fitting},
  author={Moretti, G.},
  journal={Computers \& Fluids},
  volume={31},
  number={4},
  pages={719--723},
  year={2002},
  publisher={Pergamon}
}

@article{Pac09,
  title={A shock-fitting technique for 2{D} unstructured grids},
  author={Paciorri, R. and Bonfiglioli, A.},
  journal={Computers \& Fluids},
  volume={38},
  number={3},
  pages={715--726},
  year={2009},
  publisher={Elsevier}
}

@article{Pac11,
  title={Shock interaction computations on unstructured, two-dimensional grids using a shock-fitting technique},
  author={Paciorri, R. and Bonfiglioli, A.},
  journal={Journal of Computational Physics},
  volume={230},
  number={8},
  pages={3155--3177},
  year={2011},
  publisher={Elsevier}
}

@article{Tre96,
  title={A conservative shock fitting method on unstructured grids},
  author={Tr{\'e}panier, J.-Y. and Paraschivoiu, M. and Reggio, M. and Camarero, R.},
  journal={Journal of Computational Physics},
  volume={126},
  number={2},
  pages={421--433},
  year={1996},
  publisher={Elsevier}
}

@article{Hic14,
  title={Dual consistency and functional accuracy: a finite-difference perspective},
  author={Hicken, J.E. and Zingg, D.W.},
  journal={Journal of Computational Physics},
  volume={256},
  pages={161--182},
  year={2014},
  publisher={Elsevier}
}

@article{Hic14_2,
  title={PDE-constrained optimization with error estimation and control},
  author={Hicken, J.E. and Alonso, J.J.},
  journal={Journal of Computational Physics},
  volume={263},
  pages={136--150},
  year={2014},
  publisher={Elsevier}
}

@article{Stu15,
  title={An adjoint view on flux consistency and strong wall boundary conditions to the {N}avier--{S}tokes equations},
  author={St{\"u}ck, A.},
  journal={Journal of Computational Physics},
  volume={301},
  pages={247--264},
  year={2015},
  publisher={Elsevier}
}

@phdthesis{Lu05,
	Author = {Lu, J.C.-C.},
	School = {Massachusetts Institute of Technology},
	Title = {An a posteriori error control framework for adaptive precision optimization using discontinuous {G}alerkin finite element method},
	Year = {2005}
}

@book{Fei03,
  title={Mathematical and computational methods for compressible flow},
  author={Feistauer, M. and Felcman, J. and Stra{\v{s}}kraba, I.},
  year={2003},
  publisher={Oxford University Press}
}

@misc{MPI_22,
  Author = {{The MPI Forum}},
  Month = {July},
  Note = {retrieved from \url{http://www.mpi-forum.org/docs/mpi-2.2/mpi22-report.pdf}},
  Title = {MPI: A Message-Passing Interface Standard},
  Year = {2011}}

@misc{Hob15,
  Author = {Hoberock, J. and Bell, N.},
Note = {Version 1.8.1},
Title = {Thrust: A Parallel Template Library},
Url = {http://thrust.github.io/},
Year = {2015}}

@article{Bel11,
  title={Thrust: A productivity-oriented library for CUDA},
  author={Bell, N. and Hoberock, Jared},
  journal={GPU computing gems Jade edition},
  volume={2},
  pages={359--371},
  year={2011},
  publisher={Morgan Kaufmann, San Francisco, CA}
}

@inproceedings{Lei17_AIAA_ASM,
  title={Evaluating Source Terms of the Generalized Acoustic Analogy using the {J}et {E}ngine {N}oise {RE}duction ({JENRE}) Code},
  author={Leib, S.J. and Ingraham, D. and Bridges, J.E.},
  booktitle={55th AIAA Aerospace Sciences Meeting},
  note={{AIAA}-2017-0459},
  year={2017}
}

@inproceedings{Ing17_AIAA_ASM,
  title={Validating a Monotonically-Integrated Large Eddy Simulation Code for Subsonic Jet Acoustics},
  author={Ingraham, D. and Bridges, J.E.},
  booktitle={55th AIAA Aerospace Sciences Meeting},
  note={{AIAA}-2017-0456},
  year={2017}
}

@inproceedings{Joh17_AIAA,
  title={Flow and Noise Characteristics of Under-and Over-expanded Supersonic Rectangular Jets},
  author={Johnson, R.F. and Viswanath, K. and Corrigan, A. and Kailasanath, K. and Mora, P.A. and Baier, F. and Gutmark, E.J.},
  booktitle={55th AIAA Aerospace Sciences Meeting},
  note={{AIAA}-2017-0006},
  year={2017}
}

@article{Joh19,
  title={A Conservative Discontinuous {G}alerkin Discretization for the Total Energy Formulation of the Reacting {N}avier {S}tokes Equations},
  author={Johnson, R.F. and Kercher, A.D.},
  journal={arXiv preprint arXiv:1910.10544},
  year={2019}
}

@inproceedings{Mot17_AIAA,
  title={Natural Convection About an Idealized Standing Human With and Without Body Armor},
  author={Mott, D.R. and Kercher, A. and Corrigan, A.},
  booktitle={55th AIAA Aerospace Sciences Meeting},
  note={{AIAA}-2017-1011},
  year={2017}
}

@inproceedings{Vis16_APS,
  title={Dynamics of the Coherent Structures in a Supersonic Rectangular Jet of Aspect Ratio 2},
  author={Viswanath, K. and Corrigan, A. and Johnson, R. and Kailasanath, K. and Gutmark, E.},
  booktitle={APS Meeting Abstracts},
  year={2016}
}

@inproceedings{Joh16_APS,
  title={Flow and Noise Characteristics of Under-and Over-expanded Supersonic Rectangular Jets of Aspect Ratio 2},
  author={Johnson, R. and Viswanath, K. and Corrigan, A. and Kailasanath, K. and Gutmark, E.},
  booktitle={APS Meeting Abstracts},
  year={2016}
}

@inproceedings{Kes16_AIAA,
  title={Dynamics of Redirected Flashing Jets of a Fire Suppression Agent},
  author={Kessler, David A and Taylor, Brian and Corrigan, A. and Mott, D.R.},
  booktitle={46th AIAA Fluid Dynamics Conference},
  note={{AIAA}-2016-4273},
  year={2016}
}

@inproceedings{Mot16_AIAA,
  title={Evaporative Cooling of Idealized Torso Geometries Including Protective Armor},
  author={Mott, D.R. and Kercher, A.D. and Corrigan, A.},
  booktitle={46th AIAA Fluid Dynamics Conference},
  note={{AIAA}-2016-3197},
  year={2016}
}

@inproceedings{Ker16_AIAA,
  title={Adjoint-Consistency of Spacetime Discontinuous {G}alerkin Discretizations for Incompressible Flows},
  author={Kercher, A.D. and Corrigan, A. and Kessler, David A and Johnson, R.F. and Mott, D.R.},
  booktitle={46th AIAA Fluid Dynamics Conference},
  note={{AIAA}-2016-3493},
  year={2016}
}

@inproceedings{Liu16_AIAA_AA,
  title={Effects of Temperature on Noise Generation in Supersonic Jets},
  author={Liu, J. and Corrigan, A and Kailasanath, K. and Gutmark, E},
  booktitle={22nd AIAA/CEAS Aeroacoustics Conference},
  note={{AIAA}-2016-2937},
  year={2016}
}

@techreport{Liu14_NRL,
	title = {Computational Study of Shock-Associated Noise Characteristics Using LES},
	author = {J. Liu and A. Corrigan and K. Kailasanath and P. Mora and N. Heeb and E. Gutmark},
	year = {2014},
	institution = {United States Naval Research Laboratory},
	note = {NRL Memorandum Report, NRL/MR/6040-14-9560}
}

@techreport{Liu15_NRL,
	title = {Numerical Study of Noise Characteristics in Overexpanded Jet Flows},
	author = {J. Liu and A. Corrigan and K. Kailasanath and N. Heeb and E. Gutmark},
	year = {2015},
	institution = {United States Naval Research Laboratory},
	note = {NRL Memorandum Report, NRL/MR/6040--15-9630}
}

@inproceedings{Vis16_AIAA_ASM,
	author = {K. Viswanath and R. Johnson and A. Corrigan and K. Kailasanath and P. Sanchez and F. Baier and E. Gutmark},
	title = {Noise Characteristics of a Rectangular vs Circular Nozzle for Ideally Expanded Jet Flow},
	booktitle = {54th AIAA Aerospace Sciences Meeting, AIAA SciTech},
	month ={January},
	year = {2016},
	note = {AIAA-2016-1638}
}

@inproceedings{Rus16_AIAA_ASM,
  title={Noisy Flow Structures in a Heated and Unheated Jet Produced by a Three-Stream Rectangular Nozzle with an Aft Deck},
  author={Ruscher, C.J. and Gogineni, S.P. and Kiel, B.V. and Giese, A.J. and Viswanath, K.},
  booktitle={54th AIAA Aerospace Sciences Meeting},
  note={{AIAA}-2016-1634},
  year={2016}
}

@inproceedings{Liu16_AIAA_ASM,
	author = {J. Liu and A. Corrigan and K. Kailasanath and B. Taylor},
	title = {Large-Eddy Simulations of Noise Generation in Supersonic Jets at Realistic Engine Temperatures},
	booktitle = {54th AIAA Aerospace Sciences Meeting, AIAA SciTech},
	month ={January},
	year = {2016},
	note = {AIAA-2016-2125}
}

@inproceedings{Kes16_AIAA_ASM,
	author = {D. Kessler and R. Johnson and A. Corrigan and P. Thomas and S. Qidwai},
	title = {Modeling low-Reynolds-number flow over rough airfoils},
	booktitle = {54th AIAA Aerospace Sciences Meeting, AIAA SciTech},
	month ={January},
	year = {2016},
	note={{AIAA}-2016-1119}
}

@inproceedings{Vis15_APS,
	author = {K. Viswanath and R. Johnson and A. Corrigan and K. Kailasanath and P. Sanchez and F. Baier and E. Gutmark},
	title = {Numerical Simulations of Noise Generated by Supersonic Rectangular Jets. Part One: Validation.},
	booktitle = {68th Annual Meeting of the APS Division of Fluid Dynamics},
	month ={November},
	year = {2015},
	volume = {60},
	note = {Abstract G38.00002}
}

@inproceedings{Liu15_APS,
	author = {J. Liu and A. Corrigan and K. Kailasanath and B. Taylor},
	title = {Large-Eddy Simulations of Noise Generation in Supersonic Jets at Realistic Engine Temperatures},
	booktitle = {68th Annual Meeting of the APS Division of Fluid Dynamics},
	month ={November},
	year = {2015},
	volume = {60},
	note = {Abstract G38.00002}
}

@inproceedings{Nor15_AIAA_JPC,
  author = {C. Nordeen and D. Schwer and A. Corrigan and B. Cetegen},
  title = {Radial Effects on Rotating Detonation Engine Swirl},
  booktitle = {51st AIAA/ASME/SAE/ASEE Joint Propulsion Conference},
  month = {July},
  year = {2015},
  note = {AIAA-2015-3791}
}

@inproceedings{Liu15_AIAA_AA,
  author = {J. Liu and A. Corrigan and K. Kailasanath and E. Gutmark},
  title = {Impact of Chevrons on Noise Source Characteristics In Imperfectly Expanded Jet Flows},
  booktitle = {21st AIAA/CEAS Aeroacoustics Conference},
  month = {June},
  year = {2015},
  note = {AIAA-2015-2835}
}

@article{Ram15_IJAA,
	author = {R. Ramamurti and A. Corrigan and J. Liu and K. Kailasanath and B. Henderson},
	title = {Jet Noise Simulations for Complex Nozzle Geometries},
	journal = {International Journal of Aeroacoustics},
	month = {November},
	year = {2015},
	volume = {14},
	issue = {7},
	pages = {947-975}
}

@inproceedings{Liu15_AIAA_ASM,
	author = {J. Liu and A. Corrigan and K. Kailasanath and N. Heeb and E. Gutmark},
	title = {Numerical Study of Noise Sources Characteristics in An Overexpanded Jet Flow},
	booktitle = {53rd AIAA Aerospace Sciences Meeting Including The New Horizons Forum and Aerospace Exposition},
	month ={January},
	year = {2015},
	note={{AIAA}-2015-0508}
}

@inproceedings{Tay15_AIAA_ASM,
	author = {B. Taylor and D. Schwer and A. Corrigan},
	title = {Implementation of Thermochemistry and Chemical Kinetics in a {GPU}-based {CFD} Code},
	booktitle = {53rd AIAA Aerospace Sciences Meeting Including The New Horizons Forum and Aerospace Exposition},
	month ={January},
	year = {2015},
	note={2015-0842}
}

@inproceedings{Kai14_AIAA_JPC,
  author = {K. Kailasanath and A. Corrigan and J. Liu and R. Ramamurti},
  title = {Efficient Supersonic Jet Noise Simulations Using {JENRE}},
  booktitle = {50th AIAA/ASME/SAE/ASEE Joint Propulsion Conference},
  month = {July},
  year = {2014},
  note = {AIAA-2014-3740}
}

@inproceedings{Nor14_AIAA_JPC,
  author = {C. Nordeen and D. Schwer and A. Corrigan},
  title = {Area Effects on Rotating Detonation Engine Performance},
  booktitle = {50th AIAA/ASME/SAE/ASEE Joint Propulsion Conference},
  month = {July},
  year = {2014},
  note = {AIAA-2014-3900}
}

@inproceedings{Cor14_AIAA_AA,
  author = {A. Corrigan and Z. Spears and J. Liu and R. Ramamurti and K. Kailasanath},
  title = {A Formulation and Implementation of Adjoint-Based Supersonic Jet Noise Reduction},
  booktitle = {20th AIAA/CEAS Aeroacoustics Conference},
  month = {June},
  year = {2014},
  note = {AIAA-2014-2471}
}

@inproceedings{Spe14_AIAA_AA,
  author = {Z. Spears and A. Corrigan and K. Kailasanath},
  title = {Checkpointing Methods for Adjoint-Based Supersonic Jet Noise Reduction},
  booktitle = {20th AIAA/CEAS Aeroacoustics Conference},
  month = {June},
  year = {2014},
  note = {AIAA-2014-2472}
}

@inproceedings{Ram14_AIAA_AA,
  author = {R. Ramamurti and A. Corrigan and J. Liu and K. Kailasanath and B. Henderson},
  title = {Computational Study of the Effect of Slotted Air Injection on Jet Noise},
  booktitle = {20th AIAA/CEAS Aeroacoustics Conference},
  month = {June},
  year = {2014},
  note = {AIAA-2014-2622}
}

@inproceedings{Liu14_AIAA_AA,
  author = {J. Liu and A. Corrigan and K. Kailasanath and N. Heeb and E. Gutmark},
  title = {Numerical Study of Noise Sources Characteristics in Imperfectly Expanded Jet Flows},
  booktitle = {20th AIAA/CEAS Aeroacoustics Conference},
  month = {June},
  year = {2014},
  note = {AIAA-2014-2604}
}

@article{Liu13_ASNE,
	author = {J. Liu and A. Corrigan and K. Kailasanath and R. Ramamurti and N. Heeb and D. Munday and E. Gutmark},
	title = {Impact of Deck and Jet Blast Deflector on the Flow and Acoustic Properties of Imperfectly Expanded Supersonic Jets},
	journal = {ASNE Naval Engineers Journal},
  month = {September},
	year = {2015},
	volume = {127},
	issue = {3},
	pages = {85--97},
}

@inproceedings{Spe14_SIAM,
	author = {Z. Spears and A. Corrigan},
	title = {Checkpointing Schemes for Adjoint Optimization of Jet Engine Noise Reduction},
	booktitle = {SIAM conference for Parallel Processing for Scientific Computing},
	month ={February},
	year = {2014}
}

@inproceedings{Sch14_AIAA_ASM,
	author = {D. Schwer and A. Corrigan and K. Kailasanath},
	title = {Towards Efficient, Unsteady, Three-Dimensional Rotating Detonation Engine Simulations},
	booktitle = {52nd AIAA Aerospace Sciences Meeting Including The New Horizons Forum and Aerospace Exposition},
	month ={January},
	year = {2014},
 	note={2014-1014}
}

inproceedings{Kes14_AIAA_ASM,
	author = {D.A. Kessler and A. Corrigan and S. Qidwai and J.P. Thomas},
	title = {Modeling low-{R}eynolds-number compressible flow over rough airfoils},
	booktitle = {52nd AIAA Aerospace Sciences Meeting Including The New Horizons Forum and Aerospace Exposition},
	month ={January},
	year = {2014},
  note = {Withdrawn}
}

@inproceedings{Liu14_AIAA_ASM,
	author = {J. Liu and A. Corrigan and K. Kailasanath and R. Ramamurti and N. Heeb and D. Munday and E. Gutmark},
	title = {Computational Study of the Impact of Chevrons on Noise Characteristics of Imperfectly Expanded Jet Flows},
	booktitle = {52nd AIAA Aerospace Sciences Meeting Including The New Horizons Forum and Aerospace Exposition},
	month ={January},
	year = {2014},
	note={{AIAA}-2014-0178}
}

@inproceedings{Loh14_AIAA_ASM,
	author = {R. L\"ohner and A. Corrigan and K.R. Wichmann and W. Wall},
	title = {Comparison of Lattice-{B}oltzmann and Finite Difference Solvers},
	booktitle = {52nd AIAA Aerospace Sciences Meeting Including The New Horizons Forum and Aerospace Exposition},
	month ={January},
	year = {2014},
 	note={{AIAA}-2014-1439}
}

@inproceedings{Loh13_AIAA_CFD,
	author = {R. L\"ohner and A. Corrigan and K.R. Wichmann and W. Wall},
	title = {On the achievable speeds of finite difference solvers on {CPU}s and {GPU}s},
	booktitle = {21st AIAA Computational Fluid Dynamics Conference},
	month ={June},
	year = {2013},
	note={{AIAA}-2013-2852}
}

@inproceedings{Liu13_AIAA_AA,
  author = {J. Liu and A. Corrigan and K. Kailasanath and N. Heeb and D. Munday and E. Gutmark},
  title = {Computational Study of the Shock-Associated Noise Characteristics Using {JENRE}},
	booktitle = {19th AIAA/CEAS Aeroacoustics Conference},
	month = {June},
	year = {2013},
	note={{AIAA}-2013-2199}
}

@inproceedings{Liu13_AIAA_ASM,
	author = {J. Liu and A. Corrigan and K. Kailasanath and R. Ramamurti and N. Heeb and D. Mundary and E. Gutmark},
	title = {Impact of Deck and Jet Blast Deflector on the Flow and Acoustic Properties of Imperfectly Expanded Supersonic Jets},
	booktitle = {51st AIAA Aerospace Sciences Meeting Including The New Horizons Forum and Aerospace Exposition},
	month ={January},
	year = {2013},
	note={{AIAA}-2013-0323},
}

@inproceedings{Cor12_PARCFD,
	author = {A. Corrigan and K. Kailasanath and J. Liu and R. Ramamurti},
	title = {Realistic Supersonic Jet Noise Simulations on {GPU} Clusters using the Jet Engine Noise Reduction Code},
	booktitle = {Parallel CFD 2012},
	month ={May},
	year = {2012}
}

@inproceedings{Cor12_GTC,
	author = {A. Corrigan and J.P.S. Dahm},
	title = {Unstructured Grid Numbering Schemes for {GPU} Coalescing Requirements},
	booktitle = {GPU Technology Conference},
	month ={May},
	year = {2012}
}

@inproceedings{Pat12_AIAA_ASM,
	author = {G. Patnaik and A. Corrigan},
	title = {Efficient Utilization of a {CPU-GPU} Cluster},
	booktitle = {50th AIAA Aerospace Sciences Meeting Including The New Horizons Forum and Aerospace Exposition},
	month ={January},
	note={{AIAA}-2012-563},
	year = {2012}
}

@inproceedings{Cor12_AIAA_ASM,
	author = {A. Corrigan and K. Kailasanath and J. Liu and R. Ramamurti and D. Schwer and J.P.S. Dahm},
	title = {A Hybrid Grid Compressible Flow Solver For Large-Scale Supersonic Jet Noise Simulations on Multi-{GPU} Clusters},
	booktitle = {50th AIAA Aerospace Sciences Meeting Including The New Horizons Forum and Aerospace Exposition},
	month ={January},
	note={{AIAA}-2012-564},
	year = {2012}
}

@inproceedings{Cor11_APS,
	author = {A. Corrigan and K. Kailasanath and J. Liu and R. Ramamurti and D. Schwer},
	title = {A Hybrid Grid Compressible Flow Solver For Large-Scale Supersonic Jet Noise Simulations on Multi-{GPU} Clusters},
	booktitle = {DFD11 Meeting of the American Physical Society},
	month ={November},
	year = {2011},
	note = {Abstract L5.00006}
}

@inproceedings{Kai11_NOISE,
	author = {K. Kailasanath and J. Liu and A.Corrigan and R. Ramamurti},
	title = {Numerical Simulations of Noise Reduction in Hot Supersonic Jets},
	booktitle = {Proceedings of the 40th International Congress and Exposition on Noise Control Engineering},
	month = {September},
	year  = {2011}
}

@inproceedings{Obe11_AIAA_ASM,
	author = {K. Obenschain and A. Corrigan and G. Patnaik},
	title = {Performance of Unstructured Finite Volume Code on a Cluster with Multiple {GPUs} per Node},
	booktitle = {49th AIAA Aerospace Sciences Meeting Including The New Horizons Forum and Aerospace Exposition},
	month ={January},
	note={{AIAA}-2011-0945},
	year = {2011}
}

@inproceedings{Cor10_APS,
	author = {A. Corrigan and J. Liu and K. Kailasanath and R. Ramamurti},
	title = {Implementation and Validation of a {MILES} Solver for the Simulation of Supersonic Jet Flow},
	booktitle = {DFD10 Meeting of the American Physical Society},
	month ={November},
	year = {2010}
}

@inproceedings{Obe10_GTC_NRL,
	author = {K. Obenschain and A. Corrigan},
	title = {Unstructured Finite Volume Code on a Cluster with Multiple {GPU}s per Node},
	booktitle = {GPU Technology Conference},
	month ={September},
	year = {2010}
}
@article{Nie17,
title = "pyJac: Analytical Jacobian generator for chemical kinetics",
journal = "Computer Physics Communications",
volume = "215",
pages = "188 - 203",
year = "2017",
issn = "0010-4655",
doi = "https://doi.org/10.1016/j.cpc.2017.02.004",
author = "Kyle E. Niemeyer and Nicholas J. Curtis and Chih-Jen Sung",
keywords = "Chemical kinetics, Jacobian, SIMD, GPU"
}

@article{Per12,
	Annote = {doi: 10.1021/ef300747n},
	Author = {Perini, Federico and Galligani, Emanuele and Reitz, Rolf D.},
	Booktitle = {Energy \& Fuels},
	Da = {2012/08/16},
	Date = {2012/08/16},
	Date-Added = {2018-10-27 18:44:58 +0000},
	Date-Modified = {2018-10-27 18:44:58 +0000},
	Doi = {10.1021/ef300747n},
	Isbn = {0887-0624},
	Journal = {Energy \& Fuels},
	Journal1 = {Energy Fuels},
	M3 = {doi: 10.1021/ef300747n},
	Month = {08},
	Number = {8},
	Pages = {4804--4822},
	Publisher = {American Chemical Society},
	Title = {An Analytical Jacobian Approach to Sparse Reaction Kinetics for Computationally Efficient Combustion Modeling with Large Reaction Mechanisms},
	Ty = {JOUR},
	Url = {https://doi.org/10.1021/ef300747n},
	Volume = {26},
	Year = {2012},
	Year1 = {2012},
	Bdsk-Url-1 = {https://doi.org/10.1021/ef300747n},
	Bdsk-Url-2 = {http://dx.doi.org/10.1021/ef300747n}}
@article{Mat02,
title = "Automated chemical mechanism generation: Including pressure-dependent rates",
journal = "Abstr Papers AM Chem Soc",
volume = "224",
number = "2",
year = "2002",
author = "D.M. Matheu and W.H. Green and J.M. Grenda"
}
@article{Li17,
	Annote = {doi: 10.1021/acs.energyfuels.6b02490},
	Author = {Li, Xinyu and Dai, Zhenghua and Wang, Fuchen},
	Booktitle = {Energy and Fuels},
	Da = {2017/04/20},
	Date = {2017/04/20},
	Doi = {10.1021/acs.energyfuels.6b02490},
	Isbn = {0887-0624},
	Journal1 = {Energy Fuels},
	M3 = {doi: 10.1021/acs.energyfuels.6b02490},
	Month = {04},
	Number = {4},
	Pages = {4382--4390},
	Publisher = {American Chemical Society},
	Title = {Characteristic Chemical Time Scale Analysis of a Partial Oxidation Flame in Hot Syngas Coflow},
	Url = {https://doi.org/10.1021/acs.energyfuels.6b02490},
	Volume = {31},
	Year = {2017}}
@article{Pru14,
title = "The analysis of chemical time scales in a partial oxidation flame",
journal = "Combustion and Flame",
volume = "161",
number = "2",
pages = "416 - 426",
year = "2014",
issn = "0010-2180",
doi = "https://doi.org/10.1016/j.combustflame.2013.09.001",
author = "Uwe PrÃ¼fert and Franziska Hunger and Christian Hasse",
keywords = "Partial oxidation, Oxy-fuel, Time scale analysis, Turbulent combustion"
}
@ARTICLE{Gre01,
author={Green, W.H. and Barton, P.I. and Bhattacharjee, B. and Matheu, D.M. and Schwer, D.A. and Song, J. and Sumathi, R. and Carstensen, H.-H. and Dean, A.M. and Grenda, J.M.},
title={Computer construction of detailed chemical kinetic models for gas-phase reactors},
journal={Industrial and Engineering Chemistry Research},
year={2001},
volume={40},
number={23},
pages={5362-5370},
doi={10.1021/ie001088s},
note={cited By 71},
document_type={Conference Paper},
source={Scopus}}
@Inbook{Gou11,
author="Goussis, Dimitris A.
and Maas, Ulrich",
editor="Echekki, Tarek
and Mastorakos, Epaminondas",
title="Model Reduction for Combustion Chemistry",
bookTitle="Turbulent Combustion Modeling: Advances, New Trends and Perspectives",
year="2011",
publisher="Springer Netherlands",
address="Dordrecht",
pages="193--220",
isbn="978-94-007-0412-1",
doi="10.1007/978-94-007-0412-1_9",
url="https://doi.org/10.1007/978-94-007-0412-1_9"
}
@article{Lut97,
title = {OPPDIF: A Fortran program for computing opposed-flow diffusion flames},
author = {Lutz, A.E. and Kee, R.J. and Grcar, J.F. and Rupley, F.M.},
doi = {10.2172/568983},
place = {United States},
year = {1997},
month = {5}
}
@article{Kee89,
title = "A computational model of the structure and extinction of strained, opposed flow, premixed methane-air flames",
journal = "Symposium (International) on Combustion",
volume = "22",
number = "1",
pages = "1479 - 1494",
year = "1989",
issn = "0082-0784",
doi = "https://doi.org/10.1016/S0082-0784(89)80158-4",
author = "Robert J. Kee and James A. Miller and Gregory H. Evans and Graham Dixon-Lewis"
}
@article{Smo91,
title = "Comparison between experimental measurements and numerical calculations of the structure of counterflow, diluted, methane-air, premixed flames",
journal = "Symposium (International) on Combustion",
volume = "23",
number = "1",
pages = "463 - 470",
year = "1991",
note = "Twenty-Third Symposium (International) on Combustion",
issn = "0082-0784",
doi = "https://doi.org/10.1016/S0082-0784(06)80292-4",
author = "M.D. Smooke and J. Crump and K. Seshadri and V. Giovangigli"
}
@article{Lut88,
title = {SENKIN: A Fortran program for predicting homogeneous gas phase chemical kinetics with sensitivity analysis},
author = {Lutz, A.E. and Kee, R.J. and Miller, J.A.},
place = {United States},
year = {1988},
month = {2}
}
@ARTICLE{Kni99,
author={Knio, O.M. and Najm, H.N. and Wyckoff, P.S.},
title={A Semi-implicit Numerical Scheme for Reacting Flow: II. Stiff, Operator-Split Formulation},
journal={Journal of Computational Physics},
year={1999},
volume={154},
number={2},
pages={428-467},
doi={10.1006/jcph.1999.6322},
source={Scopus}
}
@ARTICLE{Lan99,
author={Lanser, D. and Verwer, J.G.},
title={Analysis of operator splitting for advection-diffusion-reaction problems from air pollution modelling},
journal={Journal of Computational and Applied Mathematics},
year={1999},
volume={111},
number={1-2},
pages={201-216},
doi={10.1016/S0377-0427(99)00143-0},
note={cited By 112}
}
@book{Ora00,
  place={Cambridge},
  edition={2},
  title={Numerical Simulation of Reactive Flow},
  DOI={10.1017/CBO9780511574474},
  publisher={Cambridge University Press},
  author={Oran, Elaine S. and Boris, Jay P.},
  year={2000}
}
@article{Joh15,
author = {R. F. Johnson and A. C. VanDine and G. L. Esposito and H. K. Chelliah},
title = {On the Axisymmetric Counterflow Flame Simulations: Is There an Optimal Nozzle Diameter and Separation Distance to Apply Quasi One-Dimensional Theory?},
journal = {Combustion Science and Technology},
volume = {187},
number = {1-2},
pages = {37-59},
year  = {2015},
publisher = {Taylor \& Francis},
doi = {10.1080/00102202.2014.972503},
URL = {https://doi.org/10.1080/00102202.2014.972503},
eprint = {https://doi.org/10.1080/00102202.2014.972503}
}
@article{Sch11,
author = {Schwer, Douglas and Kailasanath, Kailas},
year = {2011},
month = {12},
pages = {2195-2202},
title = {Numerical investigation of the physics of rotating-detonation-engines},
volume = {33},
journal = {Proceedings of The Combustion Institute - PROC COMBUST INST},
doi = {10.1016/j.proci.2010.07.050}
}
@article{Pop97,
author = {   S.B.   Pope },
title = {Computationally efficient implementation of combustion chemistry using in situ adaptive tabulation},
journal = {Combustion Theory and Modelling},
volume = {1},
number = {1},
pages = {41-63},
year  = {1997},
publisher = {Taylor \& Francis},
doi = {10.1080/713665229},
URL = { https://doi.org/10.1080/713665229},
eprint = { https://doi.org/10.1080/713665229}
}

@article{Cuo13,
	Annote = {doi: 10.1021/ef4016334},
	Author = {Cuoci, Alberto and Frassoldati, Alessio and Faravelli, Tiziano and Ranzi, Eliseo},
	Booktitle = {Energy \& Fuels},
	Da = {2013/12/19},
	Date = {2013/12/19},
	Date-Added = {2018-10-31 22:25:06 +0000},
	Date-Modified = {2018-10-31 22:25:06 +0000},
	Doi = {10.1021/ef4016334},
	Isbn = {0887-0624},
	Journal = {Energy \& Fuels},
	Journal1 = {Energy Fuels},
	M3 = {doi: 10.1021/ef4016334},
	Month = {12},
	Number = {12},
	Pages = {7730--7753},
	Publisher = {American Chemical Society},
	Title = {Numerical Modeling of Laminar Flames with Detailed Kinetics Based on the Operator-Splitting Method},
	Ty = {JOUR},
	Url = {https://doi.org/10.1021/ef4016334},
	Volume = {27},
	Year = {2013},
	Bdsk-Url-2 = {http://dx.doi.org/10.1021/ef4016334}}

@article{Lia06,
	Author = {Liang, Long and Kong, Song-Charng and Jung, Chulhwa and Reitz, Rolf D.},
	Date = {2006/02/28},
	Isbn = {0742-4795},
	Journal = {Journal of Engineering for Gas Turbines and Power},
	Month = {02},
	Number = {1},
	Pages = {271--278},
	Publisher = {ASME},
	Title = {Development of a Semi-implicit Solver for Detailed Chemistry in Internal Combustion Engine Simulations},
	Ty = {JOUR},
	Url = {http://dx.doi.org/10.1115/1.2204979},
	Volume = {129},
	Year = {2006},
	Bdsk-Url-1 = {http://dx.doi.org/10.1115/1.2204979}}
  @article{Lu01,
  title = "Complex CSP for chemistry reduction and analysis",
  journal = "Combustion and Flame",
  volume = "126",
  number = "1",
  pages = "1445 - 1455",
  year = "2001",
  issn = "0010-2180",
  doi = "https://doi.org/10.1016/S0010-2180(01)00252-8",
  author = "Tianfeng Lu and Yiguang Ju and Chung K Law"
}
@article{Esp12,
author = {Esposito, Gaetano and Chelliah, Harsha},
year = {2012},
month = {01},
pages = {},
title = {Skeletal Reduction Models Based on Principal Component Analysis: Application to Ethylene-air Ignition, Propagation, and Extinction Phenomena},
volume = {158},
journal = {Combustion and Flame},
doi = {10.1016/j.combustflame.2010.09.010}
}
@misc{GRI30,
  author = "Gregory P. Smith and David M. Golden and Michael Frenklach and Nigel W. Moriarty and Boris Eiteneer and Mikhail Goldenberg and C. Thomas Bowman",
  title = "GRI-Mech 3.0",
  year = 2000,
  note = "Version 3.0",
}

@article{chemkin89,
  title = {Chemkin-II: A {F}ortran chemical kinetics package for the analysis of gas-phase chemical kinetics},
  author = {Kee, R.J. and Rupley, F.M. and Miller, J.A.},
  abstractNote = {This document is the user's manual for the second-generation Chemkin package. Chemkin is a software package for whose purpose is to facilitate the formation, solution, and interpretation of problems involving elementary gas-phase chemical kinetics. It provides an especially flexible and powerful tool for incorporating complex chemical kinetics into simulations of fluid dynamics. The package consists of two major software components: an Interpreter and Gas-Phase Subroutine Library. The Interpreter is a program that reads a symbolic description of an elementary, user-specified chemical reaction mechanism. One output from the Interpreter is a data file that forms a link to the Gas-Phase Subroutine Library. This library is a collection of about 100 highly modular Fortran subroutines that may be called to return information on equation of state, thermodynamic properties, and chemical production rates.},
  doi = {},
  journal = {},
  number = {},
  volume = {},
  place = {United States},
  year = {1989},
  month = {9}
}

@misc{cantera,
  author = "Goodwin, D. G. and Speth, R. L. and Moffat, H. K. and Weber, B. W.",
  title = "Cantera: an object-oriented software toolkit for chemical
       kinetics, thermodynamics, and transport processes",
  year = 2018,
  note = "version 2.4.0",
  url = "http://www.cantera.org",
  doi = {10.5281/zenodo.1174508}
}

@misc{cantera2.6.0,
    author = "David G. Goodwin and Harry K. Moffat and Ingmar Schoegl and Raymond L.
              Speth and Bryan W. Weber",
    title = "Cantera: An Object-oriented Software Toolkit for Chemical
             Kinetics, Thermodynamics, and Transport Processes",
    year = 2022,
    note = "Version 2.6.0",
    howpublished = "\url{https://www.cantera.org}",
    doi = {10.5281/zenodo.6387882}
}
@misc{sdtoolbox,
  author = "Shepherd, J. E.",
  title = "Explosion Dynamics Laboratory: Shock and Detonation Toolbox - 2018 Version",
  year = 2018,
  note = "JES 9-19-2018",
  url = "http://shepherd.caltech.edu/EDL/PublicResources/sdt/"}
@article{Bil11,
title = "A {R}ungeâ{K}utta discontinuous {G}alerkin approach to solve reactive flows: The hyperbolic operator",
journal = "Journal of Computational Physics",
volume = "230",
number = "4",
pages = "1064 - 1083",
year = "2011",
issn = "0021-9991",
doi = "https://doi.org/10.1016/j.jcp.2010.10.025",
author = "G. Billet and J. Ryan",
keywords = "Discontinuous Galerkin approach, RungeâKutta time scheme, Multi-species flows, Unsteady flows, Contact discontinuity, Interface",
}
@article{Bil03,
title = "An adaptive shock-capturing algorithm for solving unsteady reactive flows",
journal = "Computers and Fluids",
volume = "32",
number = "10",
pages = "1473 - 1495",
year = "2003",
issn = "0045-7930",
doi = "https://doi.org/10.1016/S0045-7930(03)00004-5",
author = "G. Billet and R. Abgrall",
keywords = "MUSCL approach, TVD schemes, Euler and NavierâStokes equations, Reactive flows",
}
@article{Kar94,
title = "Multicomponent Flow Calculations by a Consistent Primitive Algorithm",
journal = "Journal of Computational Physics",
volume = "112",
number = "1",
pages = "31 - 43",
year = "1994",
issn = "0021-9991",
doi = "https://doi.org/10.1006/jcph.1994.1080",
author = "Smadar Karni",
}
@article{Abg96,
title = "How to Prevent Pressure Oscillations in Multicomponent Flow Calculations: A Quasi Conservative Approach",
journal = "Journal of Computational Physics",
volume = "125",
number = "1",
pages = "150 - 160",
year = "1996",
issn = "0021-9991",
doi = "https://doi.org/10.1006/jcph.1996.0085",
author = "RÃ©mi Abgrall",
}
@article{Abg88,
author = {Abgrall, RÃ©mi},
year = {1988},
month = {01},
pages = {31-43},
title = {Generalisation of the {R}oe scheme for the computation of mixture of perfect gases},
volume = {6},
journal = {La Recherche AÃ©rospatiale}
}
@article{Abg01,
title = "Computations of Compressible Multifluids",
journal = "Journal of Computational Physics",
volume = "169",
number = "2",
pages = "594 - 623",
year = "2001",
issn = "0021-9991",
doi = "https://doi.org/10.1006/jcph.2000.6685",
author = "RÃ©mi Abgrall and Smadar Karni",
}
@article{Wil50,
author = {R. Wilke, C},
year = {1950},
month = {04},
pages = {517-519},
title = {A Viscosity Equation for Gas Mixtures},
volume = {18},
journal = {J.~Chem.~Phys},
doi = {10.1063/1.1747673}
}
@article{Mat67,
   author = {{Mathur}, S. and {Tondon}, P.~K. and {Saxena}, S.~C.},
  title = "Thermal conductivity of binary, ternary and quaternary mixtures of rare gases",
  journal = {Molecular Physics},
   year = 1967,
   volume = 12,
  pages = {569-579},
    doi = {10.1080/00268976700100731},
   adsurl = {https://ui.adsabs.harvard.edu/abs/1967MolPh..12..569M},
  adsnote = {Provided by the SAO/NASA Astrophysics Data System}
}

@book{Hai96,
  author = {Hairer, E. and Wanner, G.},
  year = {1996},
  month = {01},
  pages = {},
  title = {{S}olving {O}rdinary {D}ifferential {E}quations {II}. {S}tiff and {D}ifferential-{A}lgebraic {P}roblems},
  volume = {14},
  journal = {Springer Verlag Series in Comput. Math.},
  doi = {10.1007/978-3-662-09947-6}
}

@inproceedings{Ker20_SCITECH,
  author = {Kercher, A.D. and Corrigan, A. and Kessler, D.A.},
  title = {The Moving Discontinuous {G}alerkin Finite Element Method with Interface Condition Enforcement for Viscous Flows},
  booktitle = {2020 AIAA SciTech Forum},
  month = {January},
  year = {2020},
  note = {{AIAA}-2020-1315},
  doi = {10.2514/6.2020.1315}
}

@article{Ker20_SUBMITTED,
  author = {Kercher, A.D. and Corrigan, A. and Kessler, D.A.},
  title = {The Moving Discontinuous {G}alerkin Finite Element Method with Interface Condition Enforcement for Compressible Viscous Flows},
  journal={International journal for numerical methods in fluids},
  year={2020},
  publisher={Wiley},
  volume = {00},
  pages = {1--29},
  note={Submitted}
}

@article{Ker20,
  author = {Kercher, A.D. and Corrigan, A. and Kessler, D.A.},
  title = {The Moving Discontinuous {G}alerkin Finite Element Method with Interface Condition Enforcement for Compressible Viscous Flows},
  journal={arXiv preprint arXiv:2002.12740},
  primaryClass = "math.NA",
  keywords = {Mathematics - Numerical Analysis},
  year = 2020,
  month = feb,
  note = {~\url{https://arxiv.org/pdf/2002.12740.pdf}}
}

@article{Ker20_LS,
  author = {Kercher, A.D. and Corrigan, A.},
  title = {The Moving Discontinuous {G}alerkin Finite Element Method with Interface Condition Enforcement: Least-Squares Formulation and Optimal Test Functions},
  journal={Computers \& Mathematics with Applications},
  year={2020},
  note={Submitted}
}

@misc{Joh20_arXiv,
    title={A Conservative Discontinuous Galerkin Discretization for the Chemically Reacting Navier-Stokes Equations},
    author={Johnson, R.~F. and Kercher, A.~D.},
    year={2020},
    eprint={2005.11376},
    archivePrefix={arXiv},
    primaryClass={physics.comp-ph}
}

@article{Joh20,
  title={A conservative discontinuous {G}alerkin discretization for the chemically reacting {N}avier--{S}tokes equations},
  author={Johnson, R.~F. and Kercher, A.~D.},
  journal={Journal of Computational Physics},
  volume={423},
  pages={109826},
  year={2020},
  publisher={Elsevier},
  doi={10.1016/j.jcp.2020.109826}
}

@article{Joh20_2,
  title={A conservative discontinuous {G}alerkin discretization for the chemically reacting {N}avier--{S}tokes equations},
  author={Johnson, R.~F. and Kercher, A.~D.},
  journal={Journal of Computational Physics},
  volume={423},
  pages={109826},
  year={2020},
  publisher={Elsevier},
  doi={10.1016/j.jcp.2020.109826}
}

@techreport{Atk96,
  title={Quadrature-free implementation of discontinuous {G}alerkin methods for hyperbolic equations, {ICASE} {R}eport 96-51, 1996},
  author={Atkins, H.L. and Shu, C.W.},
  institution={NASA Langley Research Center},
  month={August},
  year={1996},
  note={NASA-CR-201594}
}

@article{Atk98,
  title={Quadrature-free implementation of discontinuous {G}alerkin method for hyperbolic equations},
  author={Atkins, H.~L. and Shu, C.-W.},
  journal={AIAA Journal},
  volume={36},
  number={5},
  pages={775--782},
  year={1998}
}

@article{Kaw11,
  title={A high-resolution scheme for compressible multicomponent flows with shock waves},
  author={Kawai, S. and Terashima, H.},
  journal={International Journal for Numerical Methods in Fluids},
  volume={66},
  number={10},
  pages={1207--1225},
  year={2011},
  publisher={Wiley Online Library}
}

@techreport{Ree73,
  title={Triangular mesh methods for the neutron transport equation},
  author={Reed, William H and Hill, TR},
  year={1973},
  institution={Los Alamos Scientific Lab., N. Mex.(USA)}
}

@article{Lv15_2,
  title={Entropy-bounded discontinuous {Galerkin scheme for Euler} equations},
  author={Lv, Y. and Ihme, M.},
  journal={Journal of Computational Physics},
  volume={295},
  pages={715--739},
  year={2015},
  publisher={Elsevier}
}

@article{Pap18,
  title={{An efficient {Adaptive Mesh Refinement (AMR) algorithm for the discontinuous Galerkin method: Applications} for the computation of compressible two-phase flows}},
  author={Papoutsakis, A. and Sazhin, S. S. and Begg, S. and Danaila, I. and Luddens, F.},
  journal={Journal of Computational Physics},
  volume={363},
  pages={399--427},
  year={2018},
  publisher={Elsevier}
}

@article{Kri07,
  title={Limiters for high-order discontinuous {G}alerkin methods},
  author={Krivodonova, L.},
  journal={Journal of Computational Physics},
  volume={226},
  number={1},
  pages={879--896},
  year={2007},
  publisher={Elsevier}
}

@article{Coc89,
  title={{TVB Runge-Kutta local projection discontinuous Galerkin finite element method for conservation laws. II. General} framework},
  author={Cockburn, B. and Shu, C.-W.},
  journal={Mathematics of Computation},
  volume={52},
  number={186},
  pages={411--435},
  year={1989}
}

@article{Coc89_2,
  title={{TVB Runge-Kutta local projection discontinuous Galerkin finite element method for conservation laws III: One-dimensional} systems},
  author={Cockburn, B. and Lin, S.-Y. and Shu, C.-W.},
  journal={Journal of Computational Physics},
  volume={84},
  number={1},
  pages={90--113},
  year={1989},
  publisher={Elsevier}
}

@article{Maz19,
  title={Bounded and compact weighted essentially nonoscillatory limiters for discontinuous {Galerkin schemes: T}riangular elements},
  author={Mazaheri, A. and Shu, C.-W. and Perrier, V.},
  journal={Journal of Computational Physics},
  volume={395},
  pages={461--488},
  year={2019},
  publisher={Elsevier}
}

@article{Zha10,
  title={On positivity-preserving high order discontinuous {Galerkin schemes for compressible Euler} equations on rectangular meshes},
  author={Zhang, X. and Shu, C.-W.},
  journal={Journal of Computational Physics},
  volume={229},
  number={23},
  pages={8918--8934},
  year={2010},
  publisher={Elsevier}
}

@article{Zha11,
  title={Positivity-preserving high order discontinuous {Galerkin schemes for compressible Eu}ler equations with source terms},
  author={Zhang, X. and Shu, C.-W.},
  journal={Journal of Computational Physics},
  volume={230},
  number={4},
  pages={1238--1248},
  year={2011},
  publisher={Elsevier}
}

@article{Zha12,
  title={Maximum-principle-satisfying and positivity-preserving high order discontinuous {G}alerkin schemes for conservation laws on triangular meshes},
  author={Zhang, X. and Xia, Y. and Shu, C.-W.},
  journal={Journal of Scientific Computing},
  volume={50},
  number={1},
  pages={29--62},
  year={2012},
  publisher={Springer}
}

@article{Zha17,
  title={On positivity-preserving high order discontinuous {Galerkin schemes for compressible Navier--Stokes} equations},
  author={Zhang, X.},
  journal={Journal of Computational Physics},
  volume={328},
  pages={301--343},
  year={2017},
  publisher={Elsevier}
}

@article{Zha12_2,
  title={A minimum entropy principle of high order schemes for gas dynamics equations},
  author={Zhang, X. and Shu, C.-W.},
  journal={Numerische Mathematik},
  volume={121},
  number={3},
  pages={545--563},
  year={2012},
  publisher={Springer}
}

@article{Lv17,
  title={High-order discontinuous {G}alerkin method for applications to multicomponent and chemically reacting flows},
  author={Lv, Y. and Ihme, M.},
  journal={Acta Mechanica Sinica},
  volume={33},
  number={3},
  pages={486--499},
  year={2017},
  publisher={Springer}
}

@article{Gou20,
  title={A minimum entropy principle in the compressible multicomponent {E}uler equations},
  author={Gouasmi, A. and Duraisamy, K. and Murman, Scott M and Tadmor, Eitan},
  journal={ESAIM: Mathematical Modelling and Numerical Analysis},
  volume={54},
  number={2},
  pages={373--389},
  year={2020},
  publisher={EDP Sciences}
}

@article{Gou20_2,
  title={Formulation of Entropy-Stable schemes for the multicomponent compressible {E}uler equations},
  author={Gouasmi, Ayoub and Duraisamy, Karthik and Murman, Scott M},
  journal={Computer Methods in Applied Mechanics and Engineering},
  volume={363},
  pages={112912},
  year={2020},
  publisher={Elsevier}
}

@article{Gut22,
  title={A fully coupled high-order {Discontinuous Galerkin method for diffusion flames in a low-Mach} number framework},
  author={Guti{\'e}rrez-Jorquera, Juan and Kummer, Florian},
  journal={International Journal for Numerical Methods in Fluids},
  year={2022},
  publisher={Wiley Online Library}
}

@article{May21,
  title={A Hybridized Discontinuous {G}alerkin Solver for High-Speed Compressible Flow},
  author={May, Georg and Devesse, Koen and Rangarajan, Ajay and Magin, Thierry},
  journal={Aerospace},
  volume={8},
  number={11},
  pages={322},
  year={2021},
  publisher={Multidisciplinary Digital Publishing Institute}
}

@article{Wan12,
  title={Robust high order discontinuous {G}alerkin schemes for two-dimensional gaseous detonations},
  author={Wang, Cheng and Zhang, Xiangxiong and Shu, Chi-Wang and Ning, Jianguo},
  journal={Journal of Computational Physics},
  volume={231},
  number={2},
  pages={653--665},
  year={2012},
  publisher={Elsevier}
}

@article{Wu21,
  title={Geometric Quasilinearization Framework for Analysis and Design of Bound-Preserving Schemes},
  author={Wu, Kailiang and Shu, Chi-Wang},
  journal={arXiv preprint arXiv:2111.04722},
  year={2021},
  note = {~\url{https://arxiv.org/abs/2111.04722}}
}

@article{Wu21_2,
  title={Minimum principle on specific entropy and high-order accurate invariant region preserving numerical methods for relativistic hydrodynamics},
  author={Wu, Kailiang},
  journal={arXiv preprint arXiv:2102.03801},
  year={2021}
}

@article{Paz21,
  title={Sparse invariant domain preserving discontinuous {G}alerkin methods with subcell convex limiting},
  author={Pazner, Will},
  journal={Computer Methods in Applied Mechanics and Engineering},
  volume={382},
  pages={113876},
  year={2021},
  publisher={Elsevier}
}

@article{Gue19,
  title={Invariant domain preserving discretization-independent schemes and convex limiting for hyperbolic systems},
  author={Guermond, Jean-Luc and Popov, Bojan and Tomas, Ignacio},
  journal={Computer Methods in Applied Mechanics and Engineering},
  volume={347},
  pages={143--175},
  year={2019},
  publisher={Elsevier}
}

@article{Du19,
  title={Third-order conservative sign-preserving and steady-state-preserving time integrations and applications in stiff multispecies and multireaction detonations},
  author={Du, Jie and Yang, Yang},
  journal={Journal of Computational Physics},
  volume={395},
  pages={489--510},
  year={2019},
  publisher={Elsevier}
}

@article{Du19_2,
  title={High-order bound-preserving discontinuous {G}alerkin methods for stiff multispecies detonation},
  author={Du, Jie and Wang, Cheng and Qian, Chengeng and Yang, Yang},
  journal={SIAM Journal on Scientific Computing},
  volume={41},
  number={2},
  pages={B250--B273},
  year={2019},
  publisher={SIAM}
}

@article{Hua18,
  title={Bound-preserving modified exponential {Runge--Kutta discontinuous Ga}lerkin methods for scalar hyperbolic equations with stiff source terms},
  author={Huang, Juntao and Shu, Chi-Wang},
  journal={Journal of Computational Physics},
  volume={361},
  pages={111--135},
  year={2018},
  publisher={Elsevier}
}

@article{Pan21,
  title={Second-Order Unconditional Positive Preserving Schemes for Non-equilibrium Reactive Flows with Mass and Mole Balance},
  author={Pan, Jianhua and Chen, Yu-Yen and Fan, Liang-Shih},
  journal={Journal of Computational Physics},
  pages={110477},
  year={2021},
  publisher={Elsevier}
}

@article{Hua19,
  title={Positivity-preserving time discretizations for production--destruction equations with applications to non-equilibrium flows},
  author={Huang, Juntao and Shu, Chi-Wang},
  journal={Journal of Scientific Computing},
  volume={78},
  number={3},
  pages={1811--1839},
  year={2019},
  publisher={Springer}
}

@article{Hua19_2,
  title={A third-order unconditionally positivity-preserving scheme for production--destruction equations with applications to non-equilibrium flows},
  author={Huang, Juntao and Zhao, Weifeng and Shu, Chi-Wang},
  journal={Journal of Scientific Computing},
  volume={79},
  number={2},
  pages={1015--1056},
  year={2019},
  publisher={Springer}
}

@article{Zah21,
  title={High-order resolution of multidimensional compressible reactive flow using implicit shock tracking},
  author={Zahr, Matthew J and Powers, Joseph M},
  journal={AIAA Journal},
  volume={59},
  number={1},
  pages={150--164},
  year={2021},
  publisher={American Institute of Aeronautics and Astronautics}
}

@article{Ren21,
  title={Entropy stable, robust and high-order {DGSEM} for the compressible multicomponent {E}uler equations},
  author={Renac, Florent},
  journal={Journal of Computational Physics},
  volume={445},
  pages={110584},
  year={2021},
  publisher={Elsevier}
}

@article{Cre18,
  title={Entropy-stable summation-by-parts discretization of the {E}uler equations on general curved elements},
  author={Crean, Jared and Hicken, Jason E and Fern{\'a}ndez, David C Del Rey and Zingg, David W and Carpenter, Mark H},
  journal={Journal of Computational Physics},
  volume={356},
  pages={410--438},
  year={2018},
  publisher={Elsevier}
}

@article{Cha18_2,
  title={On discretely entropy conservative and entropy stable discontinuous {G}alerkin methods},
  author={Chan, Jesse},
  journal={Journal of Computational Physics},
  volume={362},
  pages={346--374},
  year={2018},
  publisher={Elsevier}
}

@article{Che17,
  title={Entropy stable high order discontinuous {G}alerkin methods with suitable quadrature rules for hyperbolic conservation laws},
  author={Chen, Tianheng and Shu, Chi-Wang},
  journal={Journal of Computational Physics},
  volume={345},
  pages={427--461},
  year={2017},
  publisher={Elsevier}
}

@article{Cha19,
  title={On discretely entropy stable weight-adjusted discontinuous {G}alerkin methods: curvilinear meshes},
  author={Chan, Jesse and Wilcox, Lucas C},
  journal={Journal of Computational Physics},
  volume={378},
  pages={366--393},
  year={2019},
  publisher={Elsevier}
}

@article{Gas21,
  title={A novel robust strategy for discontinuous {Galerkin methods in computational fluid mechanics: Why? When? What? Where?}},
  author={Gassner, Gregor J and Winters, Andrew R},
  journal={Frontiers in Physics},
  pages={612},
  year={2021},
  publisher={Frontiers}
}

@article{Che20,
  title={Review of entropy stable discontinuous {G}alerkin methods for systems of conservation laws on unstructured simplex meshes},
  author={Chen, Tianheng and Shu, Chi-Wang},
  journal={CSIAM Transactions on Applied Mathematics},
  volume={1},
  number={1},
  pages={1--52},
  year={2020}
}

@article{Fri19,
  title={Entropy stable space--time discontinuous {G}alerkin schemes with summation-by-parts property for hyperbolic conservation laws},
  author={Friedrich, Lucas and Schn{\"u}cke, Gero and Winters, Andrew R and Fern{\'a}ndez, David C Del Rey and Gassner, Gregor J and Carpenter, Mark H},
  journal={Journal of Scientific Computing},
  volume={80},
  number={1},
  pages={175--222},
  year={2019},
  publisher={Springer}
}

@article{Mcb93,
  title={Coefficients for Calculating Thermodynamic and Transport Properties of Individual Species},
  author={McBride, Bonnie J and Gordon, Sanford and Reno, Martin A},
  year={1993}
}

@book{Gio99,
  title={Multicomponent flow modeling},
  author={Giovangigli, V.},
  year={1999},
  publisher={Birkhauser},
  address   = {Boston},
}

@article{Lin22,
  title={Discussion on âthe radiation theory of chemical actionâ},
  author={Lindemann, Frederick A and Arrhenius, Svante and Langmuir, Irving and Dhar, NR and Perrin, J and Lewis, WC McC},
  journal={Transactions of the Faraday Society},
  volume={17},
  pages={598--606},
  year={1922},
  publisher={Royal Society of Chemistry}
}

@article{Gil83,
  title={Theory of thermal unimolecular reactions in the fall-off range. {II. W}eak collision rate constants},
  author={Gilbert, RG and Luther, K\_ and Troe, J},
  journal={Berichte der Bunsengesellschaft f{\"u}r physikalische Chemie},
  volume={87},
  number={2},
  pages={169--177},
  year={1983},
  publisher={Wiley Online Library}
}

@article{Wu19,
  title={Efficient time-stepping techniques for simulating turbulent reactive flows with stiff chemistry},
  author={Wu, Hao and Ma, Peter C and Ihme, Matthias},
  journal={Computer Physics Communications},
  volume={243},
  pages={81--96},
  year={2019},
  publisher={Elsevier}
}

@techreport{Kee96,
  title={{CHEMKIN-III: A FORTRAN} chemical kinetics package for the analysis of gas-phase chemical and plasma kinetics},
  author={Kee, Robert J and Rupley, Fran M and Meeks, Ellen and Miller, James A},
  year={1996},
  institution={Sandia National Labs., Livermore, CA (United States)}
}

@article{Tad86,
  title={A minimum entropy principle in the gas dynamics equations},
  author={Tadmor, Eitan},
  journal={Applied Numerical Mathematics},
  volume={2},
  number={3-5},
  pages={211--219},
  year={1986},
  publisher={Elsevier}
}

@article{Cha98,
  title={Symmetrization of conservation laws with entropy for high-temperature hypersonic computations},
  author={Chalot, Fr{\'e}d{\'e}ric and Hughes, Thomas JR and Shakib, Farzin},
  journal={Computing systems in engineering},
  volume={1},
  number={2-4},
  pages={495--521},
  year={1990},
  publisher={Elsevier}
}

@article{Moc80,
  title={Systems of conservation laws of mixed type},
  author={Mock, Michael S},
  journal={Journal of Differential equations},
  volume={37},
  number={1},
  pages={70--88},
  year={1980},
  publisher={Elsevier}
}

@article{Tad03,
  title={Entropy stability theory for difference approximations of nonlinear conservation laws and related time-dependent problems},
  author={Tadmor, Eitan},
  journal={Acta Numerica},
  volume={12},
  pages={451--512},
  year={2003},
  publisher={Cambridge University Press}
}

@article{Tad84,
  title={Skew-selfadjoint form for systems of conservation laws},
  author={Tadmor, Eitan},
  journal={Journal of Mathematical Analysis and Applications},
  volume={103},
  number={2},
  pages={428--442},
  year={1984},
  publisher={Elsevier}
}

@article{Har98,
  title={Convex entropies and hyperbolicity for general Euler equations},
  author={Harten, Ami and Lax, Peter D and Levermore, C David and Morokoff, William J},
  journal={SIAM Journal on Numerical Analysis},
  volume={35},
  number={6},
  pages={2117--2127},
  year={1998},
  publisher={SIAM}
}

@article{Har83_2,
  title={On the symmetric form of systems of conservation laws with entropy},
  author={Harten, Ami},
  journal={Journal of Computational Physics},
  volume={49},
  number={1},
  pages={151--164},
  year={1983},
}

@book{Bou04,
  title={Nonlinear Stability of Finite Volume Methods for Hyperbolic Conservation Laws: And Well-Balanced schemes for Sources},
  author={Bouchut, Fran{\c{c}}ois},
  year={2004},
  publisher={Springer Science \& Business Media}
}

@article{Cha10,
  title={Godunov-type schemes for hyperbolic systems with parameter-dependent source: the case of Euler system with friction},
  author={Chalons, Christophe and Coquel, Fr{\'e}d{\'e}ric and Godlewski, Edwige and Raviart, Pierre-Arnaud and Seguin, Nicolas},
  journal={Mathematical Models and Methods in Applied Sciences},
  volume={20},
  number={11},
  pages={2109--2166},
  year={2010},
  publisher={World Scientific}
}

@article{Kro08,
  title={The minimum entropy principle for compressible fluid flows in a nozzle with discontinuous cross-section},
  author={Kr{\"o}ner, Dietmar and LeFloch, Philippe G and Thanh, Mai-Duc},
  journal={ESAIM: Mathematical Modelling and Numerical Analysis},
  volume={42},
  number={3},
  pages={425--442},
  year={2008},
  publisher={EDP Sciences}
}

@article{Bol15,
  title={Spectral properties of modularity matrices},
  author={Bolla, Marianna and Bullins, Brian and Chaturapruek, Sorathan and Chen, Shiwen and Friedl, Katalin},
  journal={Linear Algebra and Its Applications},
  volume={473},
  pages={359--376},
  year={2015},
  publisher={Elsevier}
}

@inproceedings{Dub09,
  title={Bertrand games between multi-class queues},
  author={Dube, Parijat and Jain, Rahul},
  booktitle={Proceedings of the 48h IEEE Conference on Decision and Control (CDC) held jointly with 2009 28th Chinese Control Conference},
  pages={8588--8593},
  year={2009},
  organization={IEEE}
}

@article{Per96,
  title={On positivity preserving finite volume schemes for {E}uler equations},
  author={Perthame, Benoit and Shu, Chi-Wang},
  journal={Numerische Mathematik},
  volume={73},
  number={1},
  pages={119--130},
  year={1996},
  publisher={Springer}
}

@article{War06,
  title={An explicit construction of interpolation nodes on the simplex},
  author={Warburton, Tim},
  journal={Journal of engineering mathematics},
  volume={56},
  number={3},
  pages={247--262},
  year={2006},
  publisher={Springer}
}

@article{Win08,
  title={Performance of numerically computed quadrature points},
  author={Wingate, Beth A and Taylor, Mark A},
  journal={Applied numerical mathematics},
  volume={58},
  number={7},
  pages={1030--1041},
  year={2008},
  publisher={Elsevier}
}

@article{Fro19,
  title={An efficient algorithm for the multicomponent compressible {Navier--Stokes equations in low-and high-Mach} number regimes},
  author={Frolov, Roman},
  journal={Computers \& Fluids},
  volume={178},
  pages={15--40},
  year={2019},
  publisher={Elsevier}
}

@article{Tor20,
  title={Bounds for wave speeds in the {Riemann problem: D}irect theoretical estimates},
  author={Toro, Eleuterio F and M{\"u}ller, Lucas O and Siviglia, Annunziato},
  journal={Computers \& Fluids},
  volume={209},
  pages={104640},
  year={2020},
  publisher={Elsevier}
}

@article{Gue16,
  title={Fast estimation from above of the maximum wave speed in the {Riemann problem for the E}uler equations},
  author={Guermond, Jean-Luc and Popov, Bojan},
  journal={Journal of Computational Physics},
  volume={321},
  pages={908--926},
  year={2016},
  publisher={Elsevier}
}

@article{Jia18,
  title={Invariant-region-preserving {DG methods for multi-dimensional hyperbolic conservation law systems, with an application to compressible E}uler equations},
  author={Jiang, Yi and Liu, Hailiang},
  journal={Journal of Computational Physics},
  volume={373},
  pages={385--409},
  year={2018},
  publisher={Elsevier}
}

@article{Har83_3,
  title={On upstream differencing and {G}odunov-type schemes for hyperbolic conservation laws},
  author={Harten, Amiram and Lax, Peter D and Leer, Bram van},
  journal={SIAM review},
  volume={25},
  number={1},
  pages={35--61},
  year={1983},
  publisher={SIAM}
}

@article{Tor02,
  title={Solution of the generalized {R}iemann problem for advection--reaction equations},
  author={Toro, EF and Titarev, VA},
  journal={Proceedings of the Royal Society of London. Series A: Mathematical, Physical and Engineering Sciences},
  volume={458},
  number={2018},
  pages={271--281},
  year={2002},
  publisher={The Royal Society}
}

@article{Mon12,
  title={Comparison of solvers for the generalized Riemann problem for hyperbolic systems with source terms},
  author={Montecinos, G and Castro, Crist{\'o}bal E and Dumbser, Michael and Toro, Eleuterio F},
  journal={Journal of Computational Physics},
  volume={231},
  number={19},
  pages={6472--6494},
  year={2012},
  publisher={Elsevier}
}

@phdthesis{Bec01,
  title={Riemann solvers for multi-component gas mixtures with temperature dependent heat capacities},
  author={Beccantini, A},
  year={2000},
  School = {UniversitÃ© d'Ãvry Val-d'Essonne},
}

@article{Bec10,
  title={The reactive {R}iemann problem for thermally perfect gases at all combustion regimes},
  author={Beccantini, A and Studer, E},
  journal={International Journal for Numerical Methods in Fluids},
  volume={64},
  number={3},
  pages={269--313},
  year={2010},
  publisher={Wiley Online Library}
}

@incollection{Lax71,
  title={Shock waves and entropy},
  author={Lax, Peter},
  booktitle={Contributions to nonlinear functional analysis},
  pages={603--634},
  year={1971},
  publisher={Elsevier}
}

@article{For11,
  title={Positivity and conservation properties of some integration schemes for mass action kinetics},
  author={Formaggia, Luca and Scotti, Anna},
  journal={SIAM journal on numerical analysis},
  volume={49},
  number={3},
  pages={1267--1288},
  year={2011},
  publisher={SIAM}
}

@article{San01,
  title={Positive numerical integration methods for chemical kinetic systems},
  author={Sandu, Adrian},
  journal={Journal of Computational Physics},
  volume={170},
  number={2},
  pages={589--602},
  year={2001},
  publisher={Elsevier}
}

@article{Rug89,
  title={Galilean invariance and entropy principle for systems of balance laws},
  author={Ruggeri, T},
  journal={Continuum Mechanics and Thermodynamics},
  volume={1},
  number={1},
  pages={3--20},
  year={1989},
  publisher={Springer}
}

@article{Gue16_2,
  title={Invariant domains and first-order continuous finite element approximation for hyperbolic systems},
  author={Guermond, Jean-Luc and Popov, Bojan},
  journal={SIAM Journal on Numerical Analysis},
  volume={54},
  number={4},
  pages={2466--2489},
  year={2016},
  publisher={SIAM}
}

@article{Dub91,
  title={Spectral methods on triangles and other domains},
  author={Dubiner, Moshe},
  journal={Journal of Scientific Computing},
  volume={6},
  number={4},
  pages={345--390},
  year={1991},
  publisher={Springer}
}

@article{Kir06,
  title={Aliasing errors due to quadratic nonlinearities on triangular spectral/hp element discretisations},
  author={Kirby, Robert M and Sherwin, Spencer J},
  journal={Journal of Engineering Mathematics},
  volume={56},
  number={3},
  pages={273--288},
  year={2006},
  publisher={Springer}
}

@article{Gas16,
  title={Split form nodal discontinuous {G}alerkin schemes with summation-by-parts property for the compressible {E}uler equations},
  author={Gassner, Gregor J and Winters, Andrew R and Kopriva, David A},
  journal={Journal of Computational Physics},
  volume={327},
  pages={39--66},
  year={2016},
  publisher={Elsevier}
}

@article{Tad87,
  title={The numerical viscosity of entropy stable schemes for systems of conservation laws. {I}},
  author={Tadmor, Eitan},
  journal={Mathematics of Computation},
  volume={49},
  number={179},
  pages={91--103},
  year={1987}
}

@inproceedings{Roe06,
  title={Affordable, entropy consistent flux functions},
  author={Roe, Philip L},
  booktitle={Eleventh International Conference on Hyperbolic Problems: Theory, Numerics and Applications, Lyon},
  year={2006}
}

@article{Ism09,
  title={Affordable, entropy-consistent Euler flux functions {II}: {E}ntropy production at shocks},
  author={Ismail, Farzad and Roe, Philip L},
  journal={Journal of Computational Physics},
  volume={228},
  number={15},
  pages={5410--5436},
  year={2009},
  publisher={Elsevier}
}

@article{Sla11,
  title={Role of differential entropy inequality in chemically reacting flows},
  author={Slattery, John C and Cizmas, Paul GA and Karpetis, Adonios N and Chambers, Steven B},
  journal={Chemical engineering science},
  volume={66},
  number={21},
  pages={5236--5243},
  year={2011},
  publisher={Elsevier}
}

@article{Rea18,
  title={A method for generating reduced-order combustion mechanisms that satisfy the differential entropy inequality},
  author={Ream, Allen E and Slattery, John C and Cizmas, Paul GA},
  journal={Physics of Fluids},
  volume={30},
  number={4},
  pages={043601},
  year={2018},
  publisher={AIP Publishing LLC}
}

@article{Loz19,
  title={Entropy production by implicit {R}unge--{K}utta schemes},
  author={Lozano, Carlos},
  journal={Journal of Scientific Computing},
  volume={79},
  number={3},
  pages={1832--1853},
  year={2019},
  publisher={Springer}
}

@book{Fic10,
  title={Full seismic waveform modelling and inversion},
  author={Fichtner, Andreas},
  year={2010},
  publisher={Springer Science \& Business Media}
}

@techreport{Chi22_NRL,
  title={Positivity-preserving and entropy-bounded discontinuous {G}alerkin method for the compressible, reacting {E}uler equations. {P}art {I}: {T}he one-dimensional case},
  author={Ching, Eric J and Johnson, Ryan F and Kercher, A D},
  month={September},
  year={2022},
  institution={U.S. Naval Research Laboratory},
  number={NRL/MR/6040--},
  note = {submitted}
}

@techreport{Chi22_NRL_2,
  title={Positivity-preserving and entropy-bounded discontinuous {G}alerkin method for the compressible, reacting {E}uler equations. {P}art {II}: {T}he multidimensional case},
  author={Ching, Eric J and Johnson, Ryan F and Kercher, A D},
  month={September},
  year={2022},
  institution={U.S. Naval Research Laboratory},
  number={NRL/MR/6040--},
  note = {submitted}
}

@techreport{Chi22_NRL_viscous,
  title={Positivity-preserving and entropy-bounded discontinuous {G}alerkin method for the compressible, reacting {N}avier--{S}tokes equations},
  author={Ching, Eric J and Johnson, Ryan F and Burrows, Sarah K and Higgs, Jacklyn and Kercher, A D},
  month={September},
  year={2022},
  institution={U.S. Naval Research Laboratory},
  number={NRL/MR/6040--},
  note = {submitted}
}

@techreport{Chi22_NRL_URL,
  title={Positivity-preserving and entropy-bounded discontinuous {G}alerkin method for the compressible, reacting {E}uler equations. {P}art {I}: {T}he one-dimensional case},
  author={Ching, Eric J and Johnson, Ryan F and Kercher, A D},
  month={September},
  year={2022},
  institution={U.S. Naval Research Laboratory},
  number={NRL/MR/6040--},
  note = {\url{https://apps.dtic.mil/dtic/tr/fulltext/u2/1042881.pdf}}
}

@techreport{Chi22_NRL_2_URL,
  title={Positivity-preserving and entropy-bounded discontinuous {G}alerkin method for the compressible, reacting {E}uler equations. {P}art {II}: {M}ultiple dimensions},
  author={Ching, Eric J and Johnson, Ryan F and Kercher, A D},
  month={September},
  year={2022},
  institution={U.S. Naval Research Laboratory},
  number={NRL/MR/6040--},
  note = {\url{https://apps.dtic.mil/dtic/tr/fulltext/u2/1042881.pdf}}
}

@techreport{Chi22_NRL_viscous_URL,
  title={Positivity-preserving and entropy-bounded discontinuous {G}alerkin method for the compressible, reacting {N}avier--{S}tokes equations},
  author={Ching, Eric J and Johnson, Ryan F and Burrows, Sarah K and Higgs, Jacklyn and Kercher, A D},
  month={September},
  year={2022},
  institution={U.S. Naval Research Laboratory},
  number={NRL/MR/6040--},
  note = {\url{https://apps.dtic.mil/dtic/tr/fulltext/u2/1042881.pdf}}
}

@article{Chi22,
  title={Positivity-preserving and entropy-bounded discontinuous {G}alerkin method for the chemically reacting, compressible {E}uler equations. {P}art {I}: {T}he one-dimensional case},
  author={Ching, Eric J and Johnson, Ryan F and Kercher, Andrew D},
  journal={Journal of Computational Physics},
  pages={112881},
  year={2024},
  publisher={Elsevier}
}


@article{Chi22_2,
  title={Positivity-preserving and entropy-bounded discontinuous {G}alerkin method for the chemically reacting, compressible {E}uler equations. {P}art {II}: {T}he multidimensional case},
  author={Ching, Eric J and Johnson, Ryan F and Kercher, Andrew D},
  journal={Journal of Computational Physics},
  pages={112878},
  year={2024},
  publisher={Elsevier}
}

@article{Hug80,
  title={Techniques for developing âspecialâ finite element shape functions with particular reference to singularities},
  author={Hughes, Thomas JR and Akin, JE},
  journal={International Journal for Numerical Methods in Engineering},
  volume={15},
  number={5},
  pages={733--751},
  year={1980},
  publisher={Wiley Online Library}
}

@article{Zha10_2,
  title={On maximum-principle-satisfying high order schemes for scalar conservation laws},
  author={Zhang, Xiangxiong and Shu, Chi-Wang},
  journal={Journal of Computational Physics},
  volume={229},
  number={9},
  pages={3091--3120},
  year={2010},
  publisher={Elsevier}
}

@article{Dza22,
  title={Positivity-preserving entropy-based adaptive filtering for discontinuous spectral element methods},
  author={Dzanic, Tarik and Witherden, Freddie D},
  journal={Journal of Computational Physics},
  volume={468},
  pages={111501},
  year={2022},
  publisher={Elsevier}
}

@article{Har08,
  title={An optimal order interior penalty discontinuous {G}alerkin discretization of the compressible {Navier--Stokes} equations},
  author={Hartmann, Ralf and Houston, Paul},
  journal={Journal of Computational Physics},
  volume={227},
  number={22},
  pages={9670--9685},
  year={2008},
  publisher={Elsevier}
}

@article{Gue14,
  title={Viscous regularization of the {E}uler equations and entropy principles},
  author={Guermond, Jean-Luc and Popov, Bojan},
  journal={SIAM Journal on Applied Mathematics},
  volume={74},
  number={2},
  pages={284--305},
  year={2014},
  publisher={SIAM}
}

@article{Du22,
  title={High-order bound-preserving discontinuous {G}alerkin methods for multicomponent chemically reacting flows},
  author={Du, Jie and Yang, Yang},
  journal={Journal of Computational Physics},
  volume={469},
  pages={111548},
  year={2022},
  publisher={Elsevier}
}

@book{Kee05,
  title={Chemically reacting flow: {T}heory and practice},
  author={Kee, Robert J and Coltrin, Michael E and Glarborg, Peter},
  year={2005},
  publisher={John Wiley \& Sons}
}

@article{Tsu02,
  title={Three-dimensional numerical simulation for hydrogen/air detonation: {R}ectangular and diagonal structures},
  author={Tsuboi, Nobuyuki and Katoh, Seiji and Hayashi, A Koichi},
  journal={Proceedings of the Combustion Institute},
  volume={29},
  number={2},
  pages={2783--2788},
  year={2002},
  publisher={Elsevier}
}

@article{Pey22,
  title={High-Order Methods for Hypersonic Flows with Strong Shocks and Real Chemistry},
  author={Peyvan, Ahmad and Shukla, Khemraj and Chan, Jesse and Karniadakis, George},
  journal={arXiv preprint arXiv:2211.12635},
  year={2022},
  note = {~\url{https://arxiv.org/abs/2211.12635}}
}

@article{Fer14,
  title = {A detailed verification procedure for compressible reactive multicomponent NavierâStokes solvers},
  author = {Ferrer, P. J. M. and   Buttay, R. and   Lehnasch, G. and Mura, A.},
  journal = {Computers \& Fluids},
  volume = {89},
  pages = {88-110},
  year = {2014},
  issn = {0045-7930},
  doi = {https://doi.org/10.1016/j.compfluid.2013.10.014}
}

@article{Mar95,
  title = {Detailed and global chemical kinetics model for hydrogen},
  author = {Marinov, N.  M. and Westbrook, C. K. and Pitz, W. J.},
  url = {https://www.osti.gov/biblio/90098},
  journal = {Lawrence Livermore National Lab. (LLNL), Livermore, CA (United States)},
  place = {United States},
  year = {1995},
  month = {3}
}

@techreport{Bur22,
  title={Development of a Model Verification Test Case for Chemically Reacting Flows: Mixing Layer Interacting with an Impinging Oblique Shock},
  author={Burrows, S. K and Johnson, R. F. and Ching, E. J.},
  month={October},
  year={2022},
  institution={U.S. Naval Research Laboratory},
  number={NRL/6041/MR--2022/2},
}

@phdthesis{Ban23,
  title={Towards High-Performance Discontinuous {G}alerkin Simulations of Reacting Flows Using {L}egion},
  author={Bando, Kihiro},
  year={2023},
  school={Stanford University}
}

@article{Fra16,
  title={Multicomponent gas flow computations by a discontinuous {G}alerkin scheme using {L}2-projection of perfect gas {EOS}},
  author={Franchina, Nicoletta and Savini, M and Bassi, Francesco},
  journal={Journal of Computational Physics},
  volume={315},
  pages={302--322},
  year={2016},
  publisher={Elsevier}
}

@article{Ma17,
  title={An entropy-stable hybrid scheme for simulations of transcritical real-fluid flows},
  author={Ma, Peter C and Lv, Yu and Ihme, Matthias},
  journal={Journal of Computational Physics},
  volume={340},
  pages={330--357},
  year={2017},
  publisher={Elsevier}
}

@article{Boy21,
  title={A diffuse-interface method for reducing spurious pressure oscillations in multicomponent transcritical flow simulations},
  author={Boyd, Bradley and Jarrahbashi, Dorrin},
  journal={Computers \& Fluids},
  volume={222},
  pages={104924},
  year={2021},
  publisher={Elsevier}
}

@article{Fuj23,
  title={Fully conservative and pressure-equilibrium preserving scheme for compressible multi-component flows},
  author={Fujiwara, Yuji and Tamaki, Yoshiharu and Kawai, Soshi},
  journal={Journal of Computational Physics},
  volume={478},
  pages={111973},
  year={2023},
  publisher={Elsevier}
}

@phdthesis{Jaf22,
  title={Numerical Modelling of transcritical turbulent jets using a tabulated real-fluid approach},
  author={Jafari, Sajad},
  year={2022},
  school={Universit{\'e} Paris-Saclay}
}

@article{Kaw15,
  title={A robust and accurate numerical method for transcritical turbulent flows at supercritical pressure with an arbitrary equation of state},
  author={Kawai, Soshi and Terashima, Hiroshi and Negishi, Hideyo},
  journal={Journal of Computational Physics},
  volume={300},
  pages={116--135},
  year={2015},
  publisher={Elsevier}
}

@article{Hit20,
  title={Comparison of macro-and microscopic solutions of the {R}iemann problem {I}. {S}upercritical shock tube and expansion into vacuum},
  author={Hitz, Timon and Heinen, Matthias and Vrabec, Jadran and Munz, Claus-Dieter},
  journal={Journal of Computational Physics},
  volume={402},
  pages={109077},
  year={2020},
  publisher={Elsevier}
}

@article{Gry13,
  title={A generalized approach for sub-and super-critical flows using the local discontinuous {G}alerkin method},
  author={Gryngarten, Leandro D and Menon, Suresh},
  journal={Computer Methods in Applied Mechanics and Engineering},
  volume={253},
  pages={169--185},
  year={2013},
  publisher={Elsevier}
}

@inproceedings{Chi23_scitech,
  title={Positivity-preserving and entropy-bounded discontinuous {G}alerkin method for the chemically reacting, compressible {N}avier-{S}tokes equations},
  author={Ching, Eric J and Johnson, Ryan F and Burrows, Sarah and Higgs, Jacklyn P and Kercher, Andrew D},
  booktitle = {2023 AIAA SciTech Forum},
  month = {January},
  year = {2023},
  note = {{AIAA}-2023-0664}
}

@techreport{Chi23_NRL_short,
  title={Reducing spurious pressure oscillations in fully conservative discontinuous {G}alerkin simulations of multicomponent flows},
  author={Ching, Eric J and Johnson, Ryan F and Kercher, A D},
  month={September},
  year={2023},
  institution={U.S. Naval Research Laboratory},
  number={NRL/MR/6040--},
  note = {submitted}
}

@article{Chi23_short,
  title={A note on reducing spurious pressure oscillations in fully conservative discontinuous {G}alerkin simulations of multicomponent flows},
  author={Ching, Eric J and Johnson, Ryan F and Kercher, Andrew D},
  journal={arXiv preprint arXiv:2310.17792},
  year={2023}
}

@phdthesis{Ma18,
  title={Modeling of Turbulent Mixing and Combustion at Transcritical Conditions},
  author={Ma, Peter C},
  year={2018},
  school={Stanford University}
}

@article{Har97,
  title={Efficient high-pressure state equations},
  author={Harstad, Kenneth G and Miller, Richard S and Bellan, Josette},
  journal={AIChE journal},
  volume={43},
  number={6},
  pages={1605--1610},
  year={1997},
  publisher={Wiley Online Library}
}

@article{Ma19_2,
  title={On the numerical behavior of diffuse-interface methods for transcritical real-fluids simulations},
  author={Ma, Peter C and Wu, Hao and Banuti, Daniel T and Ihme, Matthias},
  journal={International Journal of Multiphase Flow},
  volume={113},
  pages={231--249},
  year={2019},
  publisher={Elsevier}
}

@article{Tro23,
  title={Positivity-preserving discontinuous spectral element methods for compressible multi-species flows},
  author={Trojak, Will and Dzanic, Tarik},
  journal={arXiv preprint arXiv:2308.02426},
  year={2023}
}

@article{Cra23,
  title={Three-dimensional detonation structure and its response to confinement},
  author={Crane, Jackson and Lipkowicz, Jonathan T and Shi, Xian and Wlokas, Irenaeus and Kempf, Andreas M and Wang, Hai},
  journal={Proceedings of the Combustion Institute},
  volume={39},
  number={3},
  pages={2915--2923},
  year={2023},
  publisher={Elsevier}
}

@article{Ma19_3,
  title={Analysis of transient blow-out dynamics in a swirl-stabilized combustor using large-eddy simulations},
  author={Ma, Peter C and Wu, Hao and Labahn, Jeffrey W and Jaravel, Thomas and Ihme, Matthias},
  journal={Proceedings of the Combustion Institute},
  volume={37},
  number={4},
  pages={5073--5082},
  year={2019},
  publisher={Elsevier}
}

@article{Di21,
  title={Direct numerical simulation of a hypersonic transitional boundary layer at suborbital enthalpies},
  author={Di Renzo, M and Urzay, J},
  journal={Journal of Fluid Mechanics},
  volume={912},
  pages={A29},
  year={2021},
  publisher={Cambridge University Press}
}

@article{Bie23,
  title={Highly-scalable {GPU}-accelerated compressible reacting flow solver for modeling high-speed flows},
  author={Bielawski, Ral and Barwey, Shivam and Prakash, Supraj and Raman, Venkat},
  journal={Computers \& Fluids},
  pages={105972},
  year={2023},
  publisher={Elsevier}
}

@article{Pen23,
  title={A three-dimensional solver for simulating detonation on curvilinear adaptive meshes},
  author={Peng, Han and Deiterding, Ralf},
  journal={Computer Physics Communications},
  volume={288},
  pages={108752},
  year={2023},
  publisher={Elsevier}
}

@article{Ya17,
  title={Multiscale modeling and general theory of non-equilibrium plasma-assisted ignition and combustion},
  author={Yang, Suo and Nagaraja, Sharath and Sun, Wenting and Yang, Vigor},
  journal={Journal of Physics D: Applied Physics},
  volume={50},
  number={43},
  pages={433001},
  year={2017},
  publisher={IOP Publishing}
}

@article{Gas13,
  title={A skew-symmetric discontinuous {G}alerkin spectral element discretization and its relation to {SBP-SAT} finite difference methods},
  author={Gassner, Gregor J},
  journal={SIAM Journal on Scientific Computing},
  volume={35},
  number={3},
  pages={A1233--A1253},
  year={2013},
  publisher={SIAM}
}

@article{Rod19,
  title={Simulation of supercritical diesel jets using the {PC-SAFT EoS}},
  author={Rodriguez, C and Koukouvinis, P and Gavaises, M},
  journal={The Journal of Supercritical Fluids},
  volume={145},
  pages={48--65},
  year={2019},
  publisher={Elsevier}
}

@inproceedings{Che03,
  title={Understanding injection into high pressure supercritical environments},
  author={Chehroudi, B and Talley, D and Mayer, W and Branam, R and Smith, JJ and Schik, A and Oschwald, M},
  booktitle={Fifth International Symposium on Liquid Space Propulsion, Long Life Combustion Devices Technology, NASA Marshall Space Flight Center, Huntsville, Alabama, October},
  pages={27--30},
  year={2003}
}

@article{Bla13,
  title={Optimized high-order splitting methods for some classes of parabolic equations},
  author={Blanes, Sergio and Casas, Fernando and Chartier, Philippe and Murua, Ander},
  journal={Mathematics of Computation},
  volume={82},
  number={283},
  pages={1559--1576},
  year={2013}
}

@book{Hai91,
  title={Solving Ordinary Differential Equations II: Stiff and Differential-Algebraic Problems},
  author={Hairer, E and Wanner, G and Solving, O},
  year={1991},
  publisher={Springer, Berlin}
}

@article{Ter24,
  title={Approximately Pressure-Equilibrium-Preserving Scheme for Fully Conservative Simulations of Compressible Multi-Species and Real-Fluid Interfacial Flows},
  author={Terashima, Hiroshi and Ly, Nguyen and Ihme, Matthias},
  year={2024},
  journal={Available at SSRN 4747391}
}

@article{Abg18,
  title={A general framework to construct schemes satisfying additional conservation relations. Application to entropy conservative and entropy dissipative schemes},
  author={Abgrall, Remi},
  journal={Journal of Computational Physics},
  volume={372},
  pages={640--666},
  year={2018},
  publisher={Elsevier}
}

@article{Abg22,
  title={Reinterpretation and extension of entropy correction terms for residual distribution and discontinuous {G}alerkin schemes: application to structure preserving discretization},
  author={Abgrall, R{\'e}mi and {\"O}ffner, Philipp and Ranocha, Hendrik},
  journal={Journal of Computational Physics},
  volume={453},
  pages={110955},
  year={2022},
  publisher={Elsevier}
}

@article{Fat22,
  title={Large eddy simulations of reacting and non-reacting transcritical fuel sprays using multiphase thermodynamics},
  author={Fathi, Mohamad and Hickel, Stefan and Roekaerts, Dirk},
  journal={Physics of Fluids},
  volume={34},
  number={8},
  year={2022},
  publisher={AIP Publishing}
}

@article{Zha24,
  title={In situ adaptive tabulation of vapor-liquid equilibrium solutions for multi-component high-pressure transcritical flows with phase change},
  author={Zhang, Hongyuan and Srinivasan, Navneeth and Yang, Suo},
  journal={Journal of Computational Physics},
  volume={500},
  pages={112752},
  year={2024},
  publisher={Elsevier}
}

@article{Ber23,
  title={Kinetic-energy-and pressure-equilibrium-preserving schemes for real-gas turbulence in the transcritical regime},
  author={Bernades, Marc and Jofre, Llu{\'\i}s and Capuano, Francesco},
  journal={Journal of Computational Physics},
  volume={493},
  pages={112477},
  year={2023},
  publisher={Elsevier}
}

@article{Gio13,
  title={Mathematical modeling of supercritical multicomponent reactive fluids},
  author={Giovangigli, Vincent and Matuszewski, Lionel},
  journal={Mathematical Models and Methods in Applied Sciences},
  volume={23},
  number={12},
  pages={2193--2251},
  year={2013},
  publisher={World Scientific}
}

@article{Ely81,
  title={Prediction of transport properties. 1. Viscosity of fluids and mixtures},
  author={Ely, James F and Hanley, HJM},
  journal={Industrial \& Engineering Chemistry Fundamentals},
  volume={20},
  number={4},
  pages={323--332},
  year={1981},
  publisher={ACS Publications}
}

@article{Ely83,
  title={Prediction of transport properties. 2. Thermal conductivity of pure fluids and mixtures},
  author={Ely, James F and Hanley, HJM},
  journal={Industrial \& Engineering Chemistry Fundamentals},
  volume={22},
  number={1},
  pages={90--97},
  year={1983},
  publisher={ACS Publications}
}

@book{War95,
  title={Advanced Thermodynamics for Engineers},
  author={Wark, Kenneth},
  publisher={McGraw-Hill New York},
  year={1995}
}

@article{Cla23,
  title={Robust second-order approximation of the compressible {E}uler equations with an arbitrary equation of state},
  author={Clayton, Bennett and Guermond, Jean-Luc and Maier, Matthias and Popov, Bojan and Tovar, Eric J},
  journal={Journal of Computational Physics},
  volume={478},
  pages={111926},
  year={2023},
  publisher={Elsevier}
}

@article{Pin21,
  title={What is the optimal activity coefficient model to be combined with the translated--consistent {P}eng--{R}obinson equation of state through advanced mixing rules? Cross-comparison and grading of the {W}ilson, {UNIQUAC}, and {NRTL} a\textsuperscript{{E}} models against a benchmark database involving 200 binary systems},
  author={Pi{\~n}a-Martinez, Andr{\'e}s and Privat, Romain and Nikolaidis, Ilias K and Economou, Ioannis G and Jaubert, Jean-No{\"e}l},
  journal={Industrial \& Engineering Chemistry Research},
  volume={60},
  number={47},
  pages={17228--17247},
  year={2021},
  publisher={ACS Publications}
}

@article{Zha19,
  title={Linear and unconditionally energy stable schemes for the multi-component two-phase diffuse interface model with {P}eng-{R}obinson equation of state},
  author={Zhang, Chenfei and Li, Hongwei and Zhang, Xiaoping and Ju, Lili},
  journal={Communications in Computational Physics},
  volume={26},
  number={4},
  year={2019}
}

@article{Pen76,
  title={A new two-constant equation of state},
  author={Peng, Ding-Yu and Robinson, Donald B},
  journal={Industrial \& Engineering Chemistry Fundamentals},
  volume={15},
  number={1},
  pages={59--64},
  year={1976},
  publisher={ACS Publications}
}

@article{Ros21,
  title={Stabilized detonation for hypersonic propulsion},
  author={Rosato, Daniel A and Thornton, Mason and Sosa, Jonathan and Bachman, Christian and Goodwin, Gabriel B and Ahmed, Kareem A},
  journal={Proceedings of the National Academy of Sciences},
  volume={118},
  number={20},
  pages={e2102244118},
  year={2021},
  publisher={National Acad Sciences}
}

@article{Kai03,
  title={Recent developments in the research on pulse detonation engines},
  author={Kailasanath, K},
  journal={AIAA Journal},
  volume={41},
  number={2},
  pages={145--159},
  year={2003}
}

@article{Hei02,
  title={Thermodynamic cycle analysis of pulse detonation engines},
  author={Heiser, William H and Pratt, David T},
  journal={Journal of Propulsion and Power},
  volume={18},
  number={1},
  pages={68--76},
  year={2002}
}

@article{Kai00,
  title={Review of propulsion applications of detonation waves},
  author={Kailasanath, K},
  journal={AIAA Journal},
  volume={38},
  number={9},
  pages={1698--1708},
  year={2000}
}

@inproceedings{Kai11,
  title={The rotating detonation-wave engine concept: a brief status report},
  author={Kailasanath, K},
  booktitle={49th AIAA aerospace sciences meeting including the new horizons forum and aerospace exposition},
  pages={580},
  year={2011}
}

@article{Gup18,
  title={Rotating detonation engine concept: direct combustion of supersonic inflow},
  author={Gupta, Amit K and Schwer, Douglas A},
  journal={Journal of Propulsion and Power},
  volume={34},
  number={2},
  pages={562--564},
  year={2018},
  publisher={American Institute of Aeronautics and Astronautics}
}

@article{Wol11,
  title={Detonation engines},
  author={Wola{\'n}ski, Piotr},
  journal={Journal of KONES},
  volume={18},
  number={3},
  pages={515--521},
  year={2011},
  publisher={Instytut Techniczny Wojsk Lotniczych}
}

@article{Zha22,
  title={Mechanisms of the destabilized {M}ach reflection of inviscid oblique detonation waves before an expansion corner},
  author={Zhang, Zijian and Liu, Yunfeng and Wen, Chihyung},
  journal={Journal of Fluid Mechanics},
  volume={940},
  pages={A29},
  year={2022},
  publisher={Cambridge University Press}
}

@article{Wan20,
  title={Numerical study on reflection of an oblique detonation wave on an outward turning wall},
  author={Wang, Kuanliang and Zhang, Zijian and Yang, Pengfei and Teng, Honghui},
  journal={Physics of Fluids},
  volume={32},
  number={4},
  year={2020},
  publisher={AIP Publishing}
}

@article{Pra91,
  title={Morphology of standing oblique detonation waves},
  author={Pratt, David T and Humphrey, Joseph W and Glenn, Dennis E},
  journal={Journal of Propulsion and Power},
  volume={7},
  number={5},
  pages={837--845},
  year={1991}
}

@article{Li94,
  title={Detonation structures behind oblique shocks},
  author={Li, Chiping and Kailasanath, K and Oran, Elaine S},
  journal={Physics of Fluids},
  volume={6},
  number={4},
  pages={1600--1611},
  year={1994},
  publisher={American Institute of Physics}
}

@inproceedings{Vig96,
  title={Onset of oblique detonation waves: Comparison between experimental and numerical results for hydrogen-air mixtures},
  author={Viguier, Christophe and Da Silva, Lu{\'\i}s Fernando Figueira and Desbordes, Daniel and Deshaies, Bruno},
  booktitle={Symposium (International) on Combustion},
  volume={26},
  number={2},
  pages={3023--3031},
  year={1996},
  organization={Elsevier}
}

@article{Ten12,
  title={On the transition pattern of the oblique detonation structure},
  author={Teng, Hong Hui and Jiang, Zong Lin},
  journal={Journal of Fluid Mechanics},
  volume={713},
  pages={659--669},
  year={2012},
  publisher={Cambridge University Press}
}

@article{Wan11,
  title={The criterion of the existence or inexistence of transverse shock wave at wedge supported oblique detonation wave},
  author={Wang, Ai-Feng and Zhao, Wei and Jiang, Zong-Lin},
  journal={Acta Mechanica Sinica},
  volume={27},
  pages={611--619},
  year={2011},
  publisher={Springer}
}

@article{Wan15,
  title={Numerical study of oblique detonation wave initiation in a stoichiometric hydrogen-air mixture},
  author={Wang, Tao and Zhang, Yining and Teng, Honghui and Jiang, Zonglin and Ng, Hoi Dick},
  journal={Physics of Fluids},
  volume={27},
  number={9},
  year={2015},
  publisher={AIP Publishing}
}

@article{Liu18,
  title={Hysteresis phenomenon of the oblique detonation wave},
  author={Liu, Yu and Wang, Lan and Xiao, Baoguo and Yan, Zhihui and Wang, Chao},
  journal={Combustion and Flame},
  volume={192},
  pages={170--179},
  year={2018},
  publisher={Elsevier}
}

@article{Cho07,
  title={Cell-like structure of unstable oblique detonation wave from high-resolution numerical simulation},
  author={Choi, Jeong-Yeol and Kim, Dong-Wan and Jeung, In-Seuck and Ma, Fuhua and Yang, Vigor},
  journal={Proceedings of the Combustion Institute},
  volume={31},
  number={2},
  pages={2473--2480},
  year={2007},
  publisher={Elsevier}
}

@article{Ver13,
  title={Formation of transverse waves in oblique detonations},
  author={Verreault, Jimmy and Higgins, Andrew J and Stowe, Robert A},
  journal={Proceedings of the Combustion Institute},
  volume={34},
  number={2},
  pages={1913--1920},
  year={2013},
  publisher={Elsevier}
}

@article{Ten15,
  title={Evolution of cellular structures on oblique detonation surfaces},
  author={Teng, Honghui and Ng, Hoi Dick and Li, Kang and Luo, Changtong and Jiang, Zonglin},
  journal={Combustion and Flame},
  volume={162},
  number={2},
  pages={470--477},
  year={2015},
  publisher={Elsevier}
}

@article{Ram24,
  title={Micro-jetting and Transverse Waves in Oblique Detonations},
  author={Ramachandran, Suryanarayan and Yang, Suo},
  journal={Combustion and Flame},
  volume={265},
  pages={113506},
  year={2024},
  publisher={Elsevier}
}

@article{Mag98,
  title={Effect of small additives of ozone and hydrogen peroxide on the induction-zone length of hydrogen-air mixtures in a one-dimensional model of a detonation wave},
  author={Magzumov, A E and Kirillov, Igor Aleksandrovich and Rusanov, Vladimir Dmitrievich},
  journal={Combustion, Explosion and Shock Waves},
  volume={34},
  pages={338--341},
  year={1998},
  publisher={Springer}
}

@article{Cra19,
  title={Isolating the effect of induction length on detonation structure: Hydrogen--oxygen detonation promoted by ozone},
  author={Crane, Jackson and Shi, Xian and Singh, Ajay V and Tao, Yujie and Wang, Hai},
  journal={Combustion and Flame},
  volume={200},
  pages={44--52},
  year={2019},
  publisher={Elsevier}
}

@article{Ten24,
  title={Effect of ozone addition on oblique detonations in hydrogen-air mixtures},
  author={Teng, Honghui and Liu, Siyuan and Li, Zhenzhen and Yang, Pengfei and Wang, Kuanliang and Tian, Cheng},
  journal={Applied Thermal Engineering},
  volume={240},
  pages={122292},
  year={2024},
  publisher={Elsevier}
}

@article{Vas22,
  title={Oblique detonation wave control with {O3} and {H2O2} sensitization in hypersonic flow},
  author={Vashishtha, Ashish and Panigrahy, Snehasish and Campi, Dino and Callaghan, Dean and Nolan, Cathal and Deiterding, Ralf},
  journal={Energies},
  volume={15},
  number={11},
  pages={4140},
  year={2022},
  publisher={MDPI}
}

@article{Xia22,
  title={The initiation characteristics of oblique detonation waves induced by a curved surface},
  author={Xiang, Gaoxiang and Zhang, Yichen and Tu, Qirong and Gao, Ying and Huang, Xin and Peng, Tianyi},
  journal={Aerospace Science and Technology},
  volume={128},
  pages={107743},
  year={2022},
  publisher={Elsevier}
}

@article{Yan24,
  title={Curved detonation and its reflections},
  author={Yan, Hao and Han, Xin and Xiong, Haochen and Shi, Chongguang and You, Yancheng},
  journal={Journal of Fluid Mechanics},
  volume={984},
  pages={A11},
  year={2024},
  publisher={Cambridge University Press}
}

@article{Han19,
  title={Three-dimensional simulation of oblique detonation waves attached to cone},
  author={Han, Wenhu and Wang, Cheng and Law, Chung K},
  journal={Physical Review Fluids},
  volume={4},
  number={5},
  pages={053201},
  year={2019},
  publisher={APS}
}

@article{Yan17,
  title={Initiation structure of oblique detonation waves behind conical shocks},
  author={Yang, Pengfei and Ng, Hoi Dick and Teng, Honghui and Jiang, Zonglin},
  journal={Physics of Fluids},
  volume={29},
  number={8},
  year={2017},
  publisher={AIP Publishing}
}

@article{Ver12,
  title={Formation and structure of steady oblique and conical detonation waves},
  author={Verreault, Jimmy and Higgins, Andrew J and Stowe, Robert A},
  journal={AIAA journal},
  volume={50},
  number={8},
  pages={1766--1772},
  year={2012}
}

@article{Hon22,
  title={Oblique detonation wave triggered by a double wedge in hypersonic flow},
  author={Honghui, Teng and Zhang, Yuhang and Pengfei, Yang and Jiang, Zonglin},
  journal={Chinese Journal of Aeronautics},
  volume={35},
  number={4},
  pages={176--184},
  year={2022},
  publisher={Elsevier}
}

@article{Xio23,
  title={Investigating the flow characteristics and thermodynamic performance of curved detonation waves},
  author={Xiong, Haochen and Qiu, Ruofan and Han, Xin and Yan, Hao and You, Yancheng},
  journal={Physics of Fluids},
  volume={35},
  number={8},
  year={2023},
  publisher={AIP Publishing}
}

@article{Zho23,
  title={Numerical investigation of oblique detonation waves on a truncated cone in hydrogen--air mixtures},
  author={Zhou, Lin and Tu, Shengjia and Zhang, Yining and Yang, Pengfei and Teng, Honghui},
  journal={Physics of Fluids},
  volume={35},
  number={11},
  year={2023},
  publisher={AIP Publishing}
}

@inproceedings{Per13,
  title={Shock capturing for high-order discontinuous {G}alerkin simulation of transient flow problems},
  author={Persson, Per-Olof},
  booktitle={21st AIAA Computational Fluid Dynamics Conference},
  pages={3061},
  year={2013}
}

@misc{FFCM1,
  title={Foundational fuel chemistry model version 1.0 ({FFCM}-1)},
  author={Smith, Gregory P and Tao, Y and Wang, H},
  note = {\url{http://nanoenergy.stanford.edu/ffcm1}},
  year={2016}
}

@article{Zha16,
  title={Kinetic studies of ozone assisted low temperature oxidation of dimethyl ether in a flow reactor using molecular-beam mass spectrometry},
  author={Zhao, Hao and Yang, Xueliang and Ju, Yiguang},
  journal={Combustion and Flame},
  volume={173},
  pages={187--194},
  year={2016},
  publisher={Elsevier}
}

@article{Ket08,
  title={Highly efficient strong stability-preserving Runge--Kutta methods with low-storage implementations},
  author={Ketcheson, David I},
  journal={SIAM Journal on Scientific Computing},
  volume={30},
  number={4},
  pages={2113--2136},
  year={2008},
  publisher={SIAM}
}

# Ryan's additions
@article{Tro77,
  author = {Troe, J.},
  title = "{Theory of thermal unimolecular reactions at low pressures. I. Solutions of the master equation}",
  journal = {The Journal of Chemical Physics},
  volume = {66},
  number = {11},
  pages = {4745-4757},
  year = {1977},
  month = {06},
  doi = {10.1063/1.433837},
  url = {https://doi.org/10.1063/1.433837},
}

@article{Tro79,
  author = {Troe, J.},
  title = {Predictive possibilities of unimolecular rate theory},
  journal = {The Journal of Physical Chemistry},
  volume = {83},
  number = {1},
  pages = {114-126},
  year = {1979},
  doi = {10.1021/j100464a019},
  URL = { https://doi.org/10.1021/j100464a019},
}

@article{Tro87,
  author = {Troe, J.},
  title = {Albert Weller},
  journal = {Berichte der Bunsengesellschaft fÃ¼r physikalische Chemie},
  volume = {91},
  number = {4},
  pages = {260-262},
  doi = {https://doi.org/10.1002/bbpc.19870910403},
  url = {https://onlinelibrary.wiley.com/doi/abs/10.1002/bbpc.19870910403},
  eprint = {https://onlinelibrary.wiley.com/doi/pdf/10.1002/bbpc.19870910403},
  year = {1987}
}

@book{And95,
  title={Computational Fluid Dynamics: The Basics with Applications},
  author={Anderson, J.D.},
  year={1995},
  publisher={McGraw-Hill}
}

@book{Fer02,
  title={Computational Methods for Fluid Dynamics},
  author={Ferziger, Joel H and PeriÄ, Milovan},
  year={2002},
  publisher={Springer}
}
@book{Pat80,
  author    = {S. V. Patankar},
  title     = {Numerical Heat Transfer and Fluid Flow},
  year      = {1980},
  publisher = {Hemisphere Publishing Corporation},
  address   = {Washington, D.C.}
}

@book{Ver07,
  author    = {H. K. Versteeg and W. Malalasekera},
  title     = {An Introduction to Computational Fluid Dynamics: The Finite Volume Method},
  edition   = {2nd},
  year      = {2007},
  publisher = {Pearson Education},
  address   = {Harlow, England}
}

@book{Mou16,
  author    = {F. Moukalled and L. Mangani and M. Darwish},
  title     = {The Finite Volume Method in Computational Fluid Dynamics: An Advanced Introduction with OpenFOAM and Matlab},
  year      = {2016},
  publisher = {Springer},
  address   = {Cham}
}

@book{LeV07,
  author    = {R. J. LeVeque},
  title     = {Finite Difference Methods for Ordinary and Partial Differential Equations: Steady-State and Time-Dependent Problems},
  year      = {2007},
  publisher = {Society for Industrial and Applied Mathematics},
  address   = {Philadelphia, PA}
}

@book{Hir07,
  author    = {C. Hirsch},
  title     = {Numerical Computation of Internal and External Flows: The Fundamentals of Computational Fluid Dynamics},
  edition   = {2nd},
  year      = {2007},
  publisher = {Butterworth-Heinemann},
  address   = {Oxford}
}

@book{Zie05,
  author    = {O. C. Zienkiewicz and R. L. Taylor},
  title     = {The Finite Element Method for Fluid Dynamics},
  edition   = {6th},
  year      = {2005},
  publisher = {Elsevier Butterworth-Heinemann},
  address   = {Oxford}
}

@book{Don03,
  author    = {J. Donea and A. Huerta},
  title     = {Finite Element Methods for Flow Problems},
  year      = {2003},
  publisher = {Wiley},
  address   = {Chichester}
}

@book{Hug00,
  author    = {T. J. R. Hughes},
  title     = {The Finite Element Method: Linear Static and Dynamic Finite Element Analysis},
  year      = {2000},
  publisher = {Dover Publications},
  address   = {New York}
}

@book{Bla15,
  author    = {J. Blazek},
  title     = {Computational Fluid Dynamics: Principles and Applications},
  edition   = {3rd},
  year      = {2015},
  publisher = {Butterworth-Heinemann},
  address   = {Oxford}
}
@article{Lu09,
title = {Toward accommodating realistic fuel chemistry in large-scale computations},
author = {Tianfeng Lu and Chung K. Law},
journal = {Progress in Energy and Combustion Science},
volume = {35},
number = {2},
pages = {192-215},
year = {2009},
issn = {0360-1285},
doi = {https://doi.org/10.1016/j.pecs.2008.10.002},
url = {https://www.sciencedirect.com/science/article/pii/S036012850800066X},
}

@Misc{Zha23,
  author  = {Zhang, Yue and Dong, Wendi and Vandewalle, Laurien and Xu, Rui and Smith, Gregory and Wang, Hai},
  title   = {Foundational {Fuel} {Chemistry} {Model} {Version} 2.0 ({FFCM}-2)},
  journal = {FFCM-2 website},
  url     = "https://web.stanford.edu/group/haiwanglab/FFCM2",
  year    = {2023},
  }

@misc{Cis25,
  author       = {Esteban Cisneros and Michael Anderson},
  title        = {PyPrometheus},
  year         = {2025},
  publisher    = {GitHub},
  howpublished = {\url{https://github.com/ecisneros8/PyPrometheus}},
  note         = {Accessed: 2025-06-03}
}
@article{Sco20,
  title   = {Mutation++: MUlticomponent Thermodynamic And Transport properties for IONized gases in C++},
  author = {James B. Scoggins and Vincent Leroy and Georgios Bellas-Chatzigeorgis and Bruno Dias and Thierry E. Magin},
  journal = {SoftwareX},
  volume = {12},
  year = {2020},
  doi = {10.1016/j.softx.2020.100575}
}
@article{Tsa91,
    author = {Tsang, Wing and Herron, John T.},
    title = {Chemical Kinetic Data Base for Propellant Combustion I. Reactions Involving NO, NO2, HNO, HNO2, HCN and N2O},
    journal = {Journal of Physical and Chemical Reference Data},
    volume = {20},
    number = {4},
    pages = {609-663},
    year = {1991},
    month = {07},
    issn = {0047-2689},
    doi = {10.1063/1.555890},
    url = {https://doi.org/10.1063/1.555890},
    eprint = {https://pubs.aip.org/aip/jpr/article-pdf/20/4/609/8183433/609\_1\_online.pdf},
}

@article{Ste89,
title = {Pressure and temperature dependence of reactions proceeding via a bound complex. 2. Application to 2CH3 â C2H5 + H},
journal = {Combustion and Flame},
volume = {75},
number = {1},
pages = {25-31},
year = {1989},
issn = {0010-2180},
doi = {https://doi.org/10.1016/0010-2180(89)90084-9},
url = {https://www.sciencedirect.com/science/article/pii/0010218089900849},
author = {P.H. Stewart and C.W. Larson and D.M. Golden},
}

@article{Fran97,
title = {SDIRK methods for stiff ODEs with oscillating solutions},
authors = {J.M. Franco and I. Gomez and L. Randez}
journal = {Journal of Computational and Applied Mathematics},
volume = {81},
number = {2},
pages = {197-209},
year = {1997},
issn = {0377-0427},
doi = {https://doi.org/10.1016/S0377-0427(97)00056-3}
}

